1670 2964
261 164 318 205 82
510 152 512 154 ’
779 162 1112 205 PLA'roms

262 279 535 332 intelligatur,
573 285 625 317 ne
655 275 758 316 illud
784 277 946 328 quidem
983 278 1068 318 ullo
1099 279 1219 320 modo
1248 279 1415 327 defendi
1451 283 1616 333 poterit,

262 337 372 388 quod
400 336 522 375 modo
543 334 770 383 statuimus,
800 336 1001 375 contraria
1020 338 1233 377 contrariis
1263 351 1358 379 esse
1385 339 1511 378 amica
1530 337 1587 395 *).

372 393 591 442 Postquam
627 390 754 442 igitur
788 391 975 432 evincere
1002 393 1194 434 Socrates
1232 399 1399 436 conatus
1438 401 1503 435 est
1541 409 1618 436 nec

262 452 371 489 inter
403 449 530 488 malos
569 459 646 486 nec
681 447 789 488 inter
824 449 951 489 bonos
1002 449 1135 490 locum
1183 451 1337 493 hahere
1388 453 1614 501 amicitiam,
1647 464 1651 468 ·

262 519 395 557 neque
421 508 539 545 recte
567 504 765 544 affirmari
791 505 856 545 vel
885 506 1030 545 similia
1058 508 1278 558 similibus,
1321 509 1388 550 vel
1416 511 1616 550 contraria

263 564 476 603 contrariis
518 562 645 601 amica
692 574 813 611 esse,
860 562 1053 615 deinceps
1101 564 1151 603 ad
1179 566 1315 609 *aliam
1355 567 1616 619 progreditur

263 621 566 671 quaestionem,
601 630 707 670 quae
741 632 832 659 cum
862 621 1138 672 superioribus
1167 623 1395 663 arctissime
1422 637 1523 664 nexa
1551 630 1616 664 est

261 682 382 727 atque
419 676 616 728 copulata.
675 676 904 717 Videndum
943 679 1049 717 enini
1087 679 1144 717 ait
1181 688 1296 728 esse,
1337 693 1390 720 ne
1418 681 1531 720 forte
1558 682 1615 731 id,

261 734 395 785 quod
415 746 509 773 nec
539 734 716 773 bonum
735 747 830 773 nec
859 735 1041 774 malum
1065 734 1344 786 habeatur,
1373 749 1463 777 cum
1483 739 1615 778 bono

261 792 461 831 amicitiae
500 790 656 829 vinculo
697 792 961 831 contineatur.
1031 791 1090 830 Et
1140 793 1356 834 amicum
1392 793 1552 846 quidem
1591 809 1616 834 e

260 850 391 888 veteri
428 846 601 899 quodam
636 849 848 899 proverbio
879 849 1035 902 colligit
1071 848 1179 888 idem
1220 862 1316 890 esse
1346 855 1468 903 atque
1498 852 1613 904 pul-

262 919 422 945 crum:
468 905 653 957 pulcrum
699 909 833 944 antem
872 910 993 956 atque
1042 906 1223 947 bonum
1261 908 1317 946 ait
1363 921 1458 948 esse
1494 923 1615 949 unum

260 963 460 1013 idemque.
521 958 581 1000 Ex
619 973 698 1013 quo
738 962 850 1002 effici
878 963 985 1011 vult,
1030 966 1076 1002 ut
1112 963 1234 1013 illud,
1277 964 1384 1015 quod
1423 978 1502 1005 nec
1540 967 1613 1006 bo-

259 1033 352 1060 num
383 1032 458 1059 nec
496 1019 644 1058 malum
684 1019 754 1068 sit,
790 1020 930 1070 pulcro
966 1024 1089 1071 atque
1126 1021 1233 1060 bono
1273 1019 1357 1075 (τῷ
1387 1022 1507 1075 καλῷ
1537 1024 1636 1064 κιιεὶΥ

259 1074 446 1131 ἀγαθῷ)
496 1076 666 1115 amicum
706 1077 840 1126 putari
876 1080 1073 1128 oporteat.
1140 1076 1362 1117 Praeterea
1401 1092 1614 1132 argumen-

257 1138 369 1174 tatur
396 1134 477 1173 hoo
507 1133 598 1172 fere
627 1133 760 1172 modo.
819 1133 939 1182 Tria,
974 1135 1124 1185 inquit,
1165 1147 1303 1174 rerum
1341 1148 1493 1188 genera
1522 1137 1613 1177 dili·

259 1196 404 1244 genter
438 1190 702 1230 discernenda
740 1194 856 1239 sunt,
911 1204 1030 1230 unum
1067 1192 1207 1240 boni,
1256 1193 1430 1232 alterum
1465 1194 1612 1244 mali,

258 1249 426 1288 tertium
457 1249 558 1296 eius,
589 1246 697 1298 quod
725 1259 820 1286 nec
849 1248 1029 1287 bonum
1057 1260 1150 1287 nec
1178 1249 1365 1289 malum
1395 1249 1498 1290 est.⁴
1528 1251 1612 1290 Iam

258 1317 356 1345 vero
386 1317 435 1344 ex
467 1305 542 1353 iis,
585 1316 687 1354 quae
716 1305 846 1342 adhuc
875 1304 1186 1355 disputavimus,
1225 1305 1407 1346 efficitur
1433 1319 1509 1347 nec
1537 1309 1610 1348 bo-

258 1377 352 1403 num
381 1363 515 1410 bono,
555 1373 630 1400 nec
659 1361 807 1400 malum
829 1361 962 1410 -malo,
996 1374 1073 1400 nec
1107 1362 1259 1401 bonum
1287 1363 1393 1402 malo
1420 1367 1492 1404 aut
1528 1378 1612 1404 ma·
1641 1369 1645 1373 ’

258 1419 341 1459 lum
363 1421 469 1459 bono
501 1430 595 1458 esse
623 1418 805 1456 amicum.
851 1417 1110 1468 Relinquitur
1136 1419 1262 1470 igitur
1289 1421 1457 1460 tertium
1485 1434 1612 1474 genus
1662 1460 1665 1462 .

258 1477 367 1526 eius,
397 1475 505 1527 quod
532 1487 606 1514 nec
634 1476 784 1514 bonum
812 1487 887 1515 nec
917 1476 1064 1515 malum
1094 1479 1170 1514 est.
1228 1475 1320 1515 Hoc
1349 1482 1483 1517 autem
1512 1491 1611 1531 quo-

255 1536 361 1576 niam
390 1536 535 1586 sponte
563 1535 729 1584 apparet
757 1545 847 1571 cum
877 1532 982 1570 malo
1012 1545 1092 1572 non
1124 1544 1246 1583 posse
1275 1535 1503 1584 conciliari,
1546 1536 1610 1575 vel

256 1593 419 1632 sibimet
446 1591 523 1642 ipsi
550 1590 616 1628 vel
642 1590 750 1628 bono
777 1589 945 1628 amicum
975 1591 1064 1628 erit.
1122 1589 1178 1628 At
1207 1602 1305 1629 vero
1337 1592 1502 1631 sibimet
1530 1593 1610 1644 ipsi

254 1662 335 1690 non
372 1649 527 1700 poterit
564 1647 733 1686 amicum
769 1647 911 1685 haberi
944 1652 1189 1697 propterea,
1238 1647 1346 1697 quod
1387 1661 1440 1688 ne
1477 1650 1611 1689 simile
1663 1679 1666 1681 Α

255 1705 418 1758 quidem
448 1705 567 1744 simili
597 1700 767 1742 amicum'
796 1715 889 1742 esse
919 1707 1035 1742 antea
1065 1703 1383 1744 demonstratum
1413 1709 1490 1745 est.
1548 1703 1609 1746 Ex

254 1775 334 1815 quo
365 1762 647 1812 consequitur,
684 1764 730 1798 ut
765 1760 1020 1799 statuendum
1059 1761 1113 1806 sit
1150 1760 1308 1810 illud,
1345 1762 1479 1812 quod
1514 1776 1609 1803 nec

256 1823 441 1861 bonum
469 1831 564 1858 nec
593 1818 770 1856 malum
801 1821 907 1866 est,
937 1818 1073 1858 bono
1102 1819 1464 1858 tantummodo
1490 1821 1607 1860 ami-

258 1890 365 1918 cum
404 1888 573 1928 posse
614 1874 834 1913 evadere
862 1871 919 1928 *).
979 1874 1206 1913 Cavendum
1246 1878 1311 1914 est
1345 1879 1504 1926 tamen,
1545 1878 1606 1917 in-

255 1936 362 1985 quit,
401 1947 453 1972 ne
489 1933 591 1972 hanc
627 1932 866 1971 sententiam
913 1931 1151 1982 simpliciter
1189 1938 1232 1970 et
1272 1933 1434 1972 omnino
1468 1946 1603 1973 veram

253 1992 455 2030 ducamus.
513 1990 669 2028 Bonum
708 1989 837 2037 enim,
884 2000 1006 2038 quum
1044 1989 1085 2026 in
1123 2001 1168 2027 se
1203 1988 1435 2040 perfectum
1473 1991 1527 2030 sit
1563 1995 1607 2030 et

251 2049 506 2096 absolutum,
539 2046 639 2085 nihil
677 2049 843 2096 praeter
884 2046 1016 2096 ipsum
1053 2045 1219 2096 appetit.
1284 2045 1426 2086 Veluti
1467 2059 1605 2087 sanum

252 2118 399 2156 corpus
436 2117 515 2143 non
557 2103 710 2154 indiget
758 2103 855 2141 artis
905 2102 1087 2140 medicae
1127 2115 1226 2153 ope,
1275 2115 1351 2140 nec
1396 2104 1603 2154 quisquam

250 2168 364 2201 recte
393 2162 529 2199 valens
556 2159 794 2198 valetudiniS
829 2172 947 2198 causa
973 2159 1129 2198 medico
1158 2159 1207 2197 fit
1235 2160 1399 2199 amicus.
1460 2157 1606 2200 Potest
1662 2200 1666 2204 ,

251 2224 386 2258 autem
414 2219 492 2256 hoc
520 2218 650 2268 ipsum
681 2216 908 2267 exemplum
936 2230 1009 2255 nos
1039 2229 1089 2254 eo
1117 2216 1365 2267 perducere,
1397 2221 1443 2256 ut
1458 2229 1605 2257 -veram

250 2277 312 2315 rei
348 2276 546 2313 rationem
574 2274 875 2324 perspiciamus.
932 2273 1033 2312 Nam
1066 2285 1213 2323 corpus
1252 2285 1327 2323 per
1368 2286 1414 2312 se
1443 2279 1604 2324 specta-

249 2339 336 2372 tum
372 2345 447 2371 nec
484 2333 634 2370 bonum
672 2343 761 2377 nec·
786 2330 933 2368 malum
972 2334 1047 2368 est.
1117 2330 1315 2380 Quocirca
1348 2330 1407 2368 ita
1443 2330 1604 2370 demum

250 2391 348 2429 artis
379 2388 559 2427 medicae
587 2400 705 2438 opem
736 2387 962 2436 desiderat,
1006 2387 1042 2425 si
1070 2387 1211 2426 morbo
1240 2386 1372 2436 aliquo
1402 2390 1599 2427 tentatum

252 2452 294 2486 et
338 2446 528 2484 affectum
572 2449 647 2482 est.
724 2443 864 2494 Itaque
909 2445 968 2482 sic
1022 2444 1158 2494 potius
1207 2444 1286 2481 erit
1333 2444 1601 2494 statuendum,

249 2502 407 2551 illud,
449 2501 588 2552 quod
627 2502 675 2539 in
712 2513 771 2553 se
806 2514 897 2539 nec
941 2502 1126 2539 bonum
1161 2512 1254 2538 nec
1288 2499 1474 2539 malum
1505 2502 1600 2551 sit,

242 2552 464 2613 propter
494 2558 615 2597 mali
652 2557 889 2597 alicuius
919 2558 1278 2597 accessionem
1307 2555 1443 2596 bono
1471 2559 1598 2598 ami—

290 2728 331 2770 *)
378 2705 414 2760 ἰ».
441 2729 515 2760 216.
540 2729 579 2776 ᾼ.
606 2743 647 2751 -
675 2730 712 2760 c.

264 2795 322 2834 ²2⁹³)
370 2797 404 2828 r.
432 2797 508 2825 216.
534 2798 569 2828 c.
597 2812 635 2819 -
663 2797 707 2830 E.
