1670 2964
4 695 13 850 —a—sso--<,s
8 667 13 674 .
13 647 15 651 ,
9 598 11 604 .
9 541 10 544 „

244 1051 733 1115 PRAEFATIO
773 1050 886 1112 AD
925 1048 1329 1110 LYSIDEM.

222 1318 417 1360 Socrates
456 1328 579 1370 quum
618 1314 832 1369 aliquando
875 1326 926 1354 ex
960 1311 1178 1354 Academia
1217 1313 1259 1354 in
1298 1312 1481 1368 Lyceum

108 1377 405 1430 contenderet,
430 1373 542 1416 'inter
569 1374 674 1413 viam
704 1374 844 1412 obvios
873 1371 1015 1411 habuit
1029 1370 1350 1423 Hippothalem,
1379 1373 1480 1412 Cte-

107 1437 286 1489 sippum,
316 1435 385 1487 qui
414 1432 496 1471 fuit
515 1431 735 1471 Menexeni
762 1430 895 1469 frater
924 1429 1138 1482 patruelis,
1168 1429 1352 1482 aliosque
1382 1431 1480 1470 ado-

106 1493 327 1534 lescentes.
394 1489 500 1530 Erat
547 1490 654 1529 enim
696 1489 738 1527 in
783 1488 928 1527 vicinia
963 1486 1091 1538 Lycei
1129 1498 1230 1526 nova
1272 1488 1479 1539 palaestra

109 1553 336 1598 exstructa,
390 1549 433 1588 in
478 1559 555 1600 qua
594 1545 878 1586 adolescentes
919 1544 1084 1598 plurimi
1123 1543 1327 1584 Hennaea
1367 1546 1478 1586 cele-

107 1609 273 1650 brantes
303 1605 570 1645 versabantur
604 1607 727 1655 atque
755 1602 894 1643 Mieco
935 1602 1039 1642 duce
1069 1603 1325 1642 sermonibus
1355 1607 1479 1657 atque

106 1665 213 1706 ludis
251 1669 415 1716 tempus
463 1661 682 1701 fallebant:
733 1672 782 1702 ex
824 1672 995 1712 quorum
1039 1671 1207 1699 numero
1254 1662 1376 1700 etiam
1418 1662 1480 1709 illi

107 1726 238 1764 erant.
280 1721 446 1774 Rogant
473 1719 762 1758 adolescentes
793 1716 1029 1766 Socratem,
1059 1720 1106 1756 ut
1135 1718 1295 1758 abiecto
1323 1720 1365 1759 in
1393 1719 1478 1772 Ly-

106 1793 227 1821 ceum
257 1779 379 1819 eundi
407 1777 580 1817 consilio
611 1789 751 1816 secum
787 1776 921 1815 veniat
948 1776 988 1815 in
1017 1775 1185 1829 vicinam
1216 1776 1475 1828 palaestram.

107 1838 264 1890 Quibus
293 1836 366 1876 ille
394 1835 615 1888 pollicetur
642 1835 699 1873 ita
729 1847 776 1873 se
807 1834 1168 1885 morigeratumm,
1199 1835 1234 1873 si
1263 1835 1344 1886 ipsi
1371 1835 1476 1874 indi-

107 1896 315 1943 caverint,
357 1893 448 1946 quis
478 1905 528 1934 ex
566 1893 640 1942 iis,
681 1892 750 1944 qui
778 1891 820 1931 in
854 1891 1058 1943 palaestra
1085 1895 1323 1941 versentur,
1363 1905 1476 1933 com·

0 1939 14 1990 ,⁸
60 1991 63 1994 Α
107 1953 220 1994 muni
256 1952 434 1992 omnium
469 1950 738 1990 consensione
777 1948 951 2002 pulcher
987 1943 1034 2004 (ὁ
1065 1943 1222 2004 καλός)
1263 1949 1474 1991 habeatur.

108 2011 242 2062 Quum
271 2021 369 2048 vero
400 2020 540 2047 omnes
575 2009 752 2060 ingenuo
792 2006 964 2058 quodam
1006 2006 1164 2059 pudore
1204 2007 1476 2058 prohiberen-

107 2071 205 2117 tur,
244 2067 455 2120 quominus
496 2065 546 2105 ad
587 2078 676 2104 eam
715 2065 995 2116 quaestionem
1037 2064 1361 2117 responderent,
1396 2065 1474 2105 So-

109 2129 244 2165 crates
284 2123 453 2163 eandem
501 2122 570 2162 uni
613 2123 808 2175 proponit
843 2120 1112 2174 Hippothali‚
1164 2135 1284 2174 quem
1333 2123 1476 2163 iocose

107 2183 264 2223 fatetur
293 2182 371 2221 sibi
397 2179 526 2219 videri
555 2193 695 2221 amore
722 2192 803 2219 non
833 2192 928 2218 esse
956 2179 1129 2218 liberum
1160 2183 1203 2218 et
1242 2181 1474 2222 immunem.

29 2279 34 2286 ,
110 2241 217 2281 Tum
254 2251 351 2279 vero
381 2238 604 2290 Ctesippus
642 2238 774 2276 nativa
811 2248 903 2276 cum
941 2238 1210 2290 protervitate
1237 2236 1474 2291 Hippotha-

108 2298 193 2338 lem
233 2299 368 2336 narrat
421 2296 564 2347 utique
611 2295 714 2335 miro
755 2294 927 2346 quodam
966 2293 1129 2346 Lysidis
1175 2294 1474 2337 adolescentuli

109 2367 249 2396 amore
276 2355 471 2406 flagrare,
501 2353 615 2392 cuius
644 2351 785 2391 laudes
806 2352 884 2391 'diu
909 2356 1116 2405 noctuque
1145 2359 1272 2393 canat.
1317 2355 1474 2406 Quibus

109 2412 257 2454 auditis
294 2411 487 2451 Socrates
535 2414 655 2462 rogat
693 2409 1015 2462 Hippothalem,
1061 2413 1108 2450 ut
1162 2411 1240 2450 sibi
1286 2412 1375 2452 eius
1411 2414 1475 2452 rei

109 2471 319 2524 specimen
361 2466 526 2520 aliquod
568 2467 779 2516 exhibeat,
837 2478 916 2520 quo
954 2467 1144 2507 videlicet
1179 2469 1273 2522 ipse
1311 2482 1475 2523 quoque

111 2529 266 2577 discat,
297 2538 377 2580 quo
406 2525 529 2565 modo
557 2529 758 2565 amantem
786 2523 931 2565 deceat
960 2524 1012 2566 de
1044 2529 1178 2565 amato
1206 2526 1330 2580 loqui.
1389 2528 1473 2569 Ne-

111 2590 183 2638 gat
208 2583 486 2639 Hippothalea
517 2594 563 2622 se
587 2595 760 2635 unquam
789 2582 829 2622 in
858 2582 1050 2635 Lysidem
1080 2584 1256 2624 carmina
1284 2588 1354 2625 aut
1382 2597 1474 2625 ora-

113 2644 246 2683 tiones
282 2642 576 2695 composuisse.
644 2641 735 2691 Quo
778 2639 888 2680 facto
927 2641 998 2681 ille
1034 2642 1193 2681 nonnisi
1229 2644 1475 2684 sententiam

115 2712 280 2748 cortun,
320 2712 424 2752 quae
452 2699 514 2739 vde
552 2698 703 2737 amasio
742 2698 882 2738 dicere
910 2699 1058 2749 soleat,
1100 2698 1239 2745 audire
1283 2714 1329 2740 se
1366 2701 1476 2741 velle

115 2757 330 2811 signifieat.
398 2756 478 2797 Hic
516 2769 612 2795 vero
652 2756 899 2808 Ctesippus:
944 2758 1125 2812 vulgaria
1160 2762 1282 2807 sunt,
1331 2758 1475 2810 inquit,

116 2820 238 2868 atque
276 2815 394 2865 trit-a,
444 2827 547 2867 quae
586 2816 665 2855 iste
703 2814 890 2867 profert,
925 2815 982 2855 nil
1019 2817 1095 2856 nisi
1134 2815 1275 2856 laude·
1312 2815 1474 2869 Lysidi-
