1670 2964
471 171 477 182 ,
523 131 969 176 MENEXENU&
1050 135 1064 175 ζ
1365 132 1423 174 15

64 253 145 305 Qui
170 250 435 306 ῃμξᾴῳῃῇζὶ
472 250 694 296 acutissimi
740 250 968 290 sententiae
1004 249 1216 303 quominus
1252 247 1422 292 acceda-

65 324 195 362 mus„
225 309 343 363 plura
382 311 479 353 sunt
517 320 621 361 quae
667 308 902 359 impediant.
969 307 1072 348 Nam
1120 308 1295 360 primum
1336 307 1424 358 qui-

65 370 158 419 dem
174 376 342 418 ,etanta
369 367 663 413 sententiarum
693 366 944 406 sublimitate
982 366 1047 405 vel
1082 365 1308 405 subtilitate
1344 376 1426 404 non

65 430 252 480 putamus
289 428 406 463 certo
446 422 615 469 iudicari
652 435 799 475 posse,
843 424 940 476 quid
975 422 1134 464 Platoni
1167 421 1428 463 tribuendum

48 480 418 535 *ssiudicandumve
461 482 527 520 sit.
585 479 743 520 Deinde
789 483 1021 534 neutiquam
1057 481 1219 520 videtur
1253 480 1428 519 sublime

63 533 187 594 illud„
204 537 443 593 philosophi
475 538 682 591 ingenium
715 538 942 589 dedecere,
981 537 1090 592 quod
1137 551 1278 592 pravas
1316 541 1430 578 artes

63 597 275 638 rhetorum
314 609 338 636 a
376 595 639 650 philosophia
674 595 898 636 alienorum
945 597 1038 637 risit
1058 609 1128 638 ..ac
1177 595 1432 648 perstrinxit,

65 655 306 709 praesertim
343 667 466 707 quum
501 653 553 693 de
591 654 691 693 artis
731 654 934 693 oratoriae
974 655 1012 693 vi
1049 657 1093 693 et
1122 653 1306 693 efficacia
1343 657 1428 692 tam

63 712 278 765 magnifice
307 712 481 751 sentiret
509 715 552 751 ct
581 714 772 763 quantum
803 711 935 751 damni
962 724 1040 763 per
1067 723 1156 750 eam
1182 711 1327 751 civium
1345 709 1431 750 ani-

66 770 143 811 mis
172 768 312 809 afferri
343 772 506 822 posset,
537 769 692 820 optime
723 771 990 820 perspectum
1019 766 1215 817 haberet;
1243 780 1279 806 v.
1308 766 1429 821 Sym-

65 830 155 880 pos'.
186 836 237 880 p.
257 826 354 867 198.
389 825 438 866 1).
467 824 504 864 Ε
537 837 626 883 sqq.
657 824 764 865 Tim.
796 835 836 878 p.
862 824 932 865 87.
964 825 1011 864 Β.
1042 824 1092 864 al.
1152 825 1354 876 Quocirca
1389 825 1432 867 in

63 886 142 925 hac
178 885 270 924 l'sa
303 883 494 922 irrisione
536 885 744 922 oratorum
784 882 1004 934 conspicua
1042 886 1108 922 est
1152 881 1316 921 excelsa
1357 881 1433 922 viri

64 897 220 982 indole?
259 943 383 992 atque
421 937 696 991 philosophia.
755 938 863 979 Tum
903 943 1051 992 quanta
1088 941 1197 979 inter
1233 939 1342 978 hunc
1381 939 1432 979 li·-

65 994 184 1040 brum
215 1000 338 1053 atque
376 993 607 1047 Phaedrum
644 996 872 1037 intercedat
913 997 1145 1037 coniunctio
1174 1007 1221 1036 ac
1248 997 1433 1036 necessi-

67 1055 166 1097 tudo
202 1056 441 1114 reputantes
478 1052 695 1093 admodum
741 1064 952 1103 veremur,
1001 1058 1047 1094 ut
1095 1055 1164 1106 qui
1202 1050 1433 1094 Phaedrum

68 1116 236 1155 censeat
262 1121 499 1167 germanum
527 1123 622 1150 esse
651 1112 803 1164 ingenii
830 1111 1031 1151 Platonici
1060 1110 1245 1160 foetum,
1274 1112 1309 1151 is
1331 1113 1434 1153 satis

68 1171 146 1212 sibi
175 1173 360 1219 constet,
401 1169 438 1209 si
466 1167 740 1209 Menexenum
770 1170 962 1209 continuo
994 1166 1116 1209 obelo
1153 1170 1296 1209 critico
1337 1182 1436 1210 con-

67 1226 305 1268 fodiendum
334 1221 430 1267 esse
461 1229 626 1267 statuat.
683 1226 748 1267 Ad
778 1226 882 1266 haec
911 1221 1086 1279 denique
1111 1227 1270 1266 accedit
1293 1231 1435 1267 aucto-

66 1285 166 1326 ritas
200 1282 387 1325 veterum
425 1285 697 1336 scriptorum,
729 1284 816 1336 'qui
864 1283 973 1323 hunc
1025 1284 1174 1324 librum
1225 1285 1314 1324 sine
1353 1284 1438 1326 ulla

67 1340 224 1383 fraudis
255 1342 490 1394 suspicione
517 1340 584 1380 vel
613 1345 941 1381 memoraverunt
968 1338 1034 1381 vel
1060 1341 1337 1391 laudaverunt,
1365 1354 1437 1382 ve-

69 1400 145 1440 luti
171 1397 464 1440 Aristotel.
505 1397 680 1437 Rhetor]
721 1398 750 1438 1.
781 1399 821 1438 9.
850 1398 918 1438 111.
946 1399 1014 1438 14.
1047 1394 1074 1438 ὂ
1102 1399 1218 1451 λέγει
1247 1395 1438 1454 Σωκρά·

68 1471 148 1509 της
175 1458 223 1498 ἐν
259 1455 325 1509 τῷ
363 1455 600 1512 ἐπιταφίῳ.
640 1455 856 1509 Dionys.
894 1455 1003 1495 Hal.
1043 1451 1093 1496 T.
1129 1456 1199 1498 VI.
1242 1468 1284 1510 p.
1323 1458 1439 1499 1027

69 1527 158 1568 sqq.
189 1516 233 1554 ct
259 1511 323 1552 De
344 1507 548 1565 Compos.
578 1510 704 1554 verb.
736 1526 779 1566 p.
810 1514 906 1553 116.
949 1512 1132 1553 Athen.
1165 1513 1235 1553 XI.
1265 1529 1306 1568 p.
1335 1515 1437 1556 506.

68 1569 333 1612 Plutarch.
373 1569 458 1612 vit.
489 1567 637 1610 Pericl.
677 1569 727 1610 T.
760 1570 789 1610 Ι.
822 1581 873 1626 Ῑ).φ
900 1571 998 1610 638.
1039 1570 1182 1611 Reisk.
1227 1571 1437 1627 Longin.

70 1641 106 1670 ο.
134 1627 204 1669 28.
246 1623 417 1668 Cicer.
462 1622 587 1668 Tusc.
618 1627 670 1670 V.
702 1628 770 1667 12.
807 1628 835 1668 S
846 1641 987 1681 ynes.
1038 1642 1078 1682 p.
1108 1629 1178 1670 37.
1208 1630 1271 1670 ed.
1300 1630 1440 1671 Petav.

70 1681 292 1727 Aristid.
325 1684 376 1726 Τ.
406 1683 454 1724 II.
484 1697 525 1739 p.
557 1683 627 1725 85.
661 1683 726 1725 ed.
757 1685 868 1727 Iebb.
900 1685 1071 1726 Procl.
1103 1687 1153 1727 Τ.
1184 1686 1255 1730 IV.
1295 1701 1336 1741 p.
1366 1688 1437 1728 22.

73 1743 136 1785 ed.
167 1742 318 1793 Cous.;
347 1752 451 1796 quae
467 1744 703 1783 testimonia
724 1746 934 1784 maximam
956 1748 1116 1797 partem
1132 1745 1212 1784 iam
1233 1759 1256 1784 a
1286 1746 1438 1787 Gott-

73 1801 260 1842 lebero
297 1801 339 1840 in
376 1800 555 1841 medium
592 1801 714 1841 allata
753 1805 860 1842 sunt.
917 1799 994 1842 His
1025 1803 1133 1842 enim
1159 1807 1346 1843 veterum
1375 1808 1441 1845 te-

74 1858 273 1900 stimoniis
302 1853 382 1898 etsi
413 1867 494 1899 non
523 1867 688 1912 semper
718 1861 849 1899 omnia
882 1863 977 1899 sunt
1015 1860 1257 1911 tribuenda,
1302 1865 1441 1904 tamen

73 1913 178 1956 nunc
208 1915 394 1971 quoniam
423 1923 515 1955 cum
547 1917 776 1970 longiorum
804 1917 897 1958 libri
927 1917 1109 1970 partium·
1147 1931 1442 1960 commemora-
1502 1953 1507 1956 .

23 1997 31 2006 ·
72 1975 186 2014 tione
214 1973 428 2014 coniuncta
456 1978 571 2023 sunt,
612 1986 801 2027 magnum
841 1984 938 2015 sane
976 1975 1134 2028 pondus
1163 1977 1302 2016 inesse
1331 1979 1439 2017 arbi-

72 2035 228 2071 tramur
257 2030 308 2070 ad
337 2031 460 2070 fidem
490 2032 858 2086 auctoritatemque
898 2030 1118 2077 Menexeni
1152 2035 1440 2077 ‘stabiliendam

74 2092 197 2142 atque
226 2087 551 2129 confirmandam.
700 2094 704 2098 ’

189 2246 394 2289 INDEX
434 2240 744 2289 conlcUM
786 2244 864 2290 AD
904 2247 1332 2294 MENEXENUM

517 2304 994 2348 COLLAToR'UM'.

191 2381 375 2427 Contulit
426 2385 546 2426 Imm
558 2400 628 2427 an.
690 2387 724 2427 B
740 2386 831 2427 ekk
842 2395 930 2428 eru
942 2401 961 2428 s
1021 2387 1149 2430 libros
1203 2384 1416 2432 duodecim
1427 2405 1441 2432 t

77 2440 366 2494 Goislinianum
379 2442 381 2444 ’
395 2441 478 2499 (Γ)
492 2473 505 2495 ‚
534 2444 773 2486 Vaticanum
803 2441 910 2500 (Θ),
956 2439 1140 2488 Venetos
1186 2444 1299 2499 ΞΣ,
1338 2450 1439 2492 Vin-

214 2610 323 2637 naeua
347 2600 502 2638 fortasse
526 2602 666 2638 aliunde
686 2609 831 2639 noverat
855 2602 1016 2648 Eippiam
1035 2603 1098 2641 hos
1115 2609 1364 2650 praeceptores
1379 2607 1445 2644 ima

216 2651 356 2694 buin-0,
391 2652 426 2683 id
458 2655 550 2692 quod
582 2654 805 2694 sagacissime
835 2656 1029 2695 suspicatus
1062 2658 1117 2688 ent
1149 2658 1333 2689 Geelius
1366 2660 1445 2690 Act.

215 2697 344 2732 Societ.
369 2699 523 2731 Traiect.
548 2701 644 2731 Part.
670 2702 714 2731 ΙΙ.
740 2710 772 2740 p.
799 2702 875 2735 182.
924 2703 1044 2742 ltaque
1069 2711 1114 2734 ex
1145 2702 1208 2734 illo
1241 2702 1320 2735 loco
1353 2704 1444 2735 nihil

216 2742 300 2774 nati·
322 2745 398 2776 tuto
425 2744 592 2786 colligere
616 2746 720 2786 licet,
756 2747 963 2786 praesertim
995 2756 1102 2787 quum
1133 2749 1332 2782 Athenaeus
1362 2750 1445 2782 Pla-

213 2788 308 2820 tonis
330 2790 478 2824 mentem
502 2802 575 2824 non
601 2794 817 2837 perceperit,
842 2797 886 2827 ut.
905 2803 969 2826 suo
994 2795 1075 2827 loco
1098 2792 1304 2830 videbimus.
