1670 2964
227 126 285 167 oo
743 97 1072 169 PissA'roms

228 244 318 291 tm·
346 244 393 281 ut
417 241 594 281 vicissim
621 240 770 293 placita
797 240 839 280 in
869 254 919 281 eo
949 243 1133 295 exposita
1148 242 1297 283 ibidem
1318 242 1580 297 perficiantur

187 344 190 345 ⁷
227 302 272 337 et
311 298 361 337 ad
403 312 557 338 summa
607 297 803 350 principia
851 299 1082 340 euehuntur.
1141 301 1303 353 Quippe
1339 299 1459 352 Lysis
1499 307 1579 351 quo

226 358 416 408 tempore
445 356 621 406 scriptus
654 357 737 404 est,
766 355 918 395 iuvenis
938 357 1207 410 philosophus
1226 358 1449 398 doctrinam
1467 368 1580 396 suam

228 412 282 450 de
311 412 413 450 ideis
446 411 620 449 nondum
656 411 714 450 ita
749 413 947 452 excultam
984 415 1292 467 perfectamque
1327 415 1490 464 hahuit,
1533 416 1581 453 ut

229 469 470 521 placitorum
501 479 663 507 suorum
704 473 924 511 causaset
965 472 1161 523 principia
1196 471 1342 511 eodem
1378 470 1580 510 referret:

228 525 333 564 unde
362 524 462 563 illud
494 524 727 564 facillimam
756 525 882 565 habet
911 527 1242 579 explicationem,
1278 528 1386 580 quod
1420 529 1462 567 in
1491 540 1580 567 ser-

227 582 413 622 monibus
437 581 542 630 illis
576 594 676 633 quos
704 583 868 622 iuvenili
897 585 983 624 eius
1015 586 1138 624 aetati
1165 585 1400 625 tribuendos
1429 583 1580 624 iudica-

225 639 379 686 vimus
417 639 480 676 vix
506 639 644 677 tenuia
674 640 867 690 quaedam
899 642 984 680 eius
1013 641 1184 694 vestigia
1210 638 1580 695 deprehenduntur.

227 695 284 735 Et
313 707 365 734 ne
394 696 435 734 in
466 694 616 748 Lyside
647 696 808 748 quidem
838 698 1019 738 idearum
1052 699 1206 739 mentio
1246 711 1416 750 usquam
1450 698 1580 738 iniici-

227 755 318 801 tur,
353 755 401 791 ut
435 753 501 792 vel
538 752 639 792 hac
653 766 702 792 re
740 756 941 795 sententia
977 760 1117 795 nostra
1150 767 1400 808 magnopere
1433 754 1582 827 confir-

224 812 372 849 metur.

339 865 401 905 Ex
431 866 495 906 his
524 879 640 916 vero„
671 864 772 920 quae
799 866 996 907 hactenus
1020 870 1303 921 exposuimus,
1329 867 1583 908 intellectum

225 923 278 963 iri
313 924 574 972 confidimus,
626 937 704 976 quo
742 924 831 963 iure
866 925 1118 966 discedamus
1159 940 1182 965 a
1229 925 1581 966 Schleierma-

227 980 380 1020 cheri
427 981 649 1030 sententia,
690 981 758 1033 qui
795 981 987 1032 Lysidem
1025 984 1183 1023 censuit
1219 987 1316 1035 post
1353 981 1582 1021 Phaedrum

226 1037 389 1076 demum
419 1038 550 1077 literis
581 1039 858 1090 consignatum
890 1044 931 1078 et
959 1041 1002 1079 in
1030 1041 1162 1080 lucem
1193 1041 1344 1080 editum
1367 1036 1494 1088 esse,
1521 1039 1581 1077 vi-

225 1094 377 1134 delicet
403 1098 450 1134 ut
478 1108 547 1143 ea,
590 1109 692 1148 quae
730 1096 771 1133 in
804 1097 884 1135 hoc
913 1097 1018 1136 libro
1046 1097 1257 1151 μυθικῶς
1286 1099 1427 1137 essent
1455 1107 1582 1148 expo-

227 1152 329 1201 sita,
360 1151 640 1201 διαλεκτικῶς
669 1152 990 1194 illustrarentur:
1030 1156 1071 1194 in
1101 1166 1218 1207 quam
1245 1168 1335 1194 rem
1364 1153 1583 1206 disputavit

227 1207 408 1248 Praefat.
439 1210 488 1248 ad
516 1208 612 1261 Lys.
653 1210 705 1249 T.
736 1209 766 1249 Ι.
803 1211 850 1250 P.
879 1210 910 1249 Ι.
949 1225 990 1263 p.
1019 1212 1104 1256 174
1134 1225 1220 1265 sqq.
1278 1211 1478 1251 Nimirum
1503 1222 1582 1250 nec

227 1265 456 1306 disserendi
483 1267 615 1305 forma
642 1279 720 1306 nec
764 1269 989 1319 argumenti
1026 1270 1152 1317 ratio,
1189 1267 1292 1320 quae
1328 1269 1371 1308 in
1406 1271 1582 1320 utroque

228 1334 419 1363 sermone
446 1326 611 1375 regnat,
648 1325 765 1364 nobis
797 1338 845 1363 ea
876 1338 969 1365 esse
997 1326 1175 1374 videtur,
1210 1329 1257 1364 ut
1291 1325 1388 1365 inde
1416 1329 1581 1365 senten·-

226 1381 325 1419 tiam
352 1381 428 1422 viri
457 1380 601 1420 summi
627 1381 792 1422 defendi
821 1386 890 1421 aut
926 1383 1155 1422 confirmari
1193 1395 1318 1435 posse
1356 1381 1582 1421 conceden-

226 1436 323 1476 dum
361 1438 439 1477 sit:
480 1437 522 1477 id
566 1438 672 1490 quod
708 1440 788 1478 iam
819 1439 997 1479 Astius
1036 1439 1097 1478 de
1135 1438 1257 1481 Vita
1296 1442 1348 1478 et
1382 1437 1580 1491 Script.

229 1492 353 1533 Plat.
383 1507 424 1547 p.
453 1495 549 1534 433.
580 1500 623 1535 et
652 1496 917 1537 Socherus
947 1496 1007 1536 de
1037 1496 1228 1549 Script.
1258 1495 1384 1535 Plat.
1423 1509 1464 1548 p.
1496 1495 1580 1536 141

231 1564 326 1604 sqq:
359 1564 408 1590 ex
448 1556 566 1605 parte
603 1558 912 1606 perspexerunt.
977 1553 1095 1605 Quod
1132 1565 1229 1593 vero
1269 1564 1318 1592 ex
1354 1553 1446 1605 ipso
1485 1553 1582 1592 libri

228 1608 464 1660 argume'nto
492 1614 614 1662 atque
642 1612 774 1650 forma
803 1612 1062 1663 collegimus,
1096 1612 1291 1663 scriptum
1320 1623 1412 1649 eum
1441 1622 1534 1650 esse
1557 1623 1581 1649 a
1620 1609 1644 1635 Ψ

227 1665 420 1714 Platone,
461 1679 539 1718 quo
576 1671 764 1721 tempore
802 1668 930 1708 adhuc
960 1669 1118 1707 deditus
1148 1668 1318 1711 maxime
1348 1665 1476 1708 fuerit
1503 1666 1580 1706 So-

228 1724 353 1762 cratis
383 1723 633 1776 disciplinae‚
661 1726 831 1765 necdum
862 1739 958 1765 suae
971 1727 1099 1778 ipsius
1129 1724 1295 1764 ratIonis
1323 1724 1441 1763 firma
1468 1724 1580 1763 iece-

230 1781 285 1819 rit
323 1781 601 1832 fundamenta
641 1783 683 1822 id
723 1784 888 1835 egregie
933 1784 1192 1822 confirmatur
1229 1782 1458 1821 narratione
1495 1781 1579 1831 illa,

166 1875 170 1879 .
229 1850 348 1890 quam
377 1841 594 1879 memoriae
622 1840 800 1892 prodidit
827 1841 1039 1908 Diogen.
1067 1839 1240 1879 Laert.
1271 1838 1336 1877 111.
1367 1837 1435 1878 35.
1442 1838 1581 1905 φασὶ

227 1894 275 1935 ὸὲ
305 1895 455 1936 aaz...
408 1893 661 1964 Σωκράτην
689 1893 942 1939 ἀκούσαντα
969 1892 1049 1939 τὸν
1068 1893 1216 1941 Λύσιν
1230 1890 1579 1962 ἀναγιγνώσκον-

226 1966 306 2000 τος
333 1948 601 2003 Πλάτωνος,
638 1950 892 2011 Ηράκῖεις,
930 1957 1088 1998 εἰπεῖν,
1124 1969 1182 2002 ως
1219 1948 1362 1994 πολλά
1388 1966 1474 2006 μου
1505 1967 1577 1993 κα-

224 2005 498 2070 ταψεύδεται
528 2008 551 2052 ὁ
580 2012 821 2060 νεανίσκος.
882 2012 1005 2051 Cuius
1033 2010 1156 2050 fidem
1186 2011 1253 2062 qui
1280 2022 1412 2062 nuper
1435 2022 1579 2061 suspe-

227 2070 332 2105 ctam
361 2064 537 2108 reddere
566 2070 699 2108 conati
728 2072 842 2118 sunt
871 2070 900 2107 ii
928 2082 1008 2109 non
1035 2069 1152 2107 aliam
1191 2067 1310 2106 huius
1341 2067 1480 2106 iudicii
1506 2067 1579 2106 ha—

224 2123 400 2163 buerunt
428 2138 613 2174 causam,
645 2140 761 2178 quam
794 2137 959 2165 suorum
988 2126 1246 2165 decretorum
1275 2136 1467 2173 amorem,
1492 2124 1579 2175 qui-

224 2180 300 2219 bus
331 2194 418 2220 eam
447 2196 675 2236 repugnare
703 2184 996 2235 intelligebant.
1055 2183 1110 2222 At
1137 2194 1235 2220 vero
1264 2182 1380 2224 nobis
1419 2181 1580 2234 quidem

221 2239 398 2277 narratio
427 2240 498 2278 illa
519 2253 607 2279 non
631 2241 751 2280 modo
781 2253 862 2280 non
890 2242 986 2280 ficta
1015 2244 1058 2279 et
1086 2240 1278 2278 ementita
1305 2237 1476 2287 videtur}
1506 2237 1581 2277 sed

224 2295 349 2334 etiam
373 2296 490 2346 talis7
520 2311 623 2349 quae
653 2311 774 2350 quum
802 2298 943 2350 Lysidi
971 2299 1140 2337 multum
1159 2296 1260 2335 lucis
1281 2295 1471 2344 affundat
1492 2299 1578 2334 tum
1623 2332 1626 2336 .

221 2351 315 2402 ipso
360 2353 446 2392 eius
477 2327 722 2406 ⁴›algumento
772 2356 937 2408 egregie
982 2355 1256 2394 confirmetur.
1315 2352 1432 2404 Quod
1473 2353 1579 2391 enim

224 2407 416 2448 Socrates
448 2416 633 2451 narratur
662 2413 947 2452 exclamavisse
990 2409 1047 2460 ὠς
1076 2405 1218 2452 nomo?
1249 2418 1339 2471 μου
1359 2404 1579 2467 καταψεύ·

223 2464 347 2506 δεται
377 2462 400 2506 ὁ
432 2469 684 2518 νεανίσκος,
725 2470 767 2509 id
794 2471 930 2523 ipsum
960 2469 1082 2508 docet
1130 2466 1321 2508 nonnulla
1348 2469 1462 2506 certe
1490 2466 1579 2518 pla-

222 2523 304 2562 cita
333 2536 405 2562 sua
434 2524 472 2563 ei
500 2526 584 2564 visa
614 2539 708 2566 esse
736 2528 777 2566 in
813 2528 893 2566 hoc
930 2539 1119 2566 sermone
1155 2536 1348 2576 expressa
1395 2527 1578 2571 exstare3

220 2579 393 2632 plurima
419 2585 555 2622 autem
582 2584 870 2636 ita.disp11tata
900 2597 1017 2633 esse,
1056 2587 1103 2626 ut
1127 2583 1176 2621 ab
1215 2582 1343 2633 ipsius
1378 2581 1578 2620 sententia

222 2637 503 2678 abhorrerent.
562 2640 697 2692 Atque
727 2642 806 2680 hoc
835 2643 891 2680 ita
922 2655 968 2680 se
996 2641 1149 2679 habere
1171 2651 1218 2678 ex
1233 2639 1304 2686 iis.
1335 2651 1438 2689 quae
1459 2643 1576 2677 antea

219 2696 261 2735 in
298 2698 522 2747 argumenti
560 2699 813 2739 enarratione
855 2699 1132 2750 exposuimus,
1185 2696 1444 2749 perspicuum
1484 2695 1577 2734 fore

221 2767 445 2804 speramus.
