1670 2964
605 175 895 220 LYSIS.
1386 180 1446 221 88

72 299 181 342 cum
221 297 365 340 fieri.
422 295 512 339 Nec
541 300 679 337 tamen
714 295 797 336 hoc
834 296 968 347 ipsum
1004 294 1090 335 tale
1118 295 1208 344 est,
1251 298 1299 335 ut
1332 297 1444 336 nulla

71 359 252 412 indigent
287 354 525 396 definitione
569 355 838 406 accuratiore.
907 353 1040 404 Quum
1083 353 1190 392 enim
1232 353 1290 392 ita
1325 354 1443 403 illud,

73 415 182 469 quod
213 426 289 469 per
315 425 364 453 se
392 425 470 452 nec
499 413 650 452 bonum
681 423 759 451 nec
788 411 937 451 malum
967 414 1054 462 est,
1089 410 1239 449 malum
1269 412 1444 453 evadere

71 473 279 520 videatur,
308 474 528 523 praeterea
557 475 623 509 est
651 469 871 510 tenendum
901 469 1137 520 neutiquam
1167 469 1324 519 omnia,
1353 471 1444 521 qui-

73 533 150 572 bus
189 528 298 569 aliud
335 527 434 580 quid
472 527 655 576 aceedit,
696 527 889 566 continuo
924 525 1280 577 talia-exsistere,
1325 528 1447 579 quale

75 592 142 629 est
167 586 270 628 illud
298 583 456 639 ipaum-q
495 585 604 637 quod
640 585 691 625 iis
729 584 972 637 adiungitur.
1031 583 1174 625 Veluti
1204 583 1338 637 capilli
1365 587 1448 626 rufi

74 659 199 699 quum
240 644 334 684 albo
372 643 514 684 colore
551 643 814 691 oblinuntur,
858 652 938 682 non
981 642 1062 694 ipsi
1098 645 1331 692 mutantur,-
1370 643 1445 684 sed

74 699 240 744 manent
266 702 401 752 tales,
436 699 580 752 quales
618 704 738 740 antea
776 700 968 746 fuerunt,
1010 698 1110 738 licet
1140 699 1274 740 alieno
1304 698 1448 743 colore

67 761 245 802 obducti
271 761 366 800 sint.
424 758 566 812 ltaque
593 759 674 798 iam
703 758 763 801 sic
803 755 1110 798 existimandum
1149 759 1249 807 erit,
1286 758 1445 814 illud4

75 818 214 871 quod
248 831 346 859 nec
382 815 567 856 bonum
596 827 690 855 nec
728 814 913 859 malum
953 815 1048 864 sit,
1089 815 1225 856 malo
1267 815 1446 870 aliquo

76 878 150 917 ita
187 875 510 927 accedente.)
559 876 616 913 ut
663 884 764 917 nun
804 872 1037 911 tollatur
1078 871 1234 914 illius
1277 875 1358 915 vis
1397 878 1449 916 et

75 937 288 982 natura5
349 932 479 972 honi
533 928 811 971 desiderio
860 929 1063 970 moveri
1113 930 1268 982 eique
1317 933 1448 974 fieri

75 992 308 1032 amicum
375 988 433 1030 Et
476 988 558 1028 hoc
605 987 767 1039 quidem
818 985 870 1026 de
911 993 1086 1038 corpore
1130 983 1285 1039 parite?
1323 996 1448 1043 atque

75 1051 208 1090 animo
240 1046 498 1087 iudicandum
532 1045 708 1085 videtui-2
763 1044 930 1084 Etenim
967 1056 1102 1097 neque
1141 1046 1198 1094 is,
1241 1049 1316 1098 'qui
1352 1063 1449 1103 perv·
1528 1037 1533 1044 ⁸

76 1107 193 1148 fecte
222 1106 383 1158 sapiens
415 1105 565 1154 evasit,
603 1115 680 1143 nec
720 1102 789 1154 qui
818 1103 979 1142 omnino
1012 1106 1078 1144 est
1106 1104 1292 1154 stupidus
1324 1112 1449 1159 atque

76 1173 246 1214 vecors,
274 1163 452 1202 ‘amicus
490 1162 714 1215 sapientiae
749 1171 845 1201 esse
888 1160 1016 1209 solet,
1059 1160 1137 1200 se'd
1173 1161 1247 1201 ille
1284 1165 1448 1207 demum

76 1221 364 1277 philosophiae
391 1220 527 1260 studio
558 1223 603 1259 et
639 1226 779 1258 am'ore
813 1218 1103 1268 inflammatur,
1144 1221 1213 1271 qui
1250 1219 1344 1263 dum
1374 1237 1450 1265 ne-

23 1269 34 1281 x
78 1292 160 1332 que
207 1279 368 1331 sapiens
412 1287 547 1329 neque
593 1277 791 1328 insipiens
841 1277 992 1326 evasit,
1039 1276 1128 1316 veri
1175 1281 1451 1333 cognoscendi

1 1347 3 1350 ⁴
78 1349 218 1378 amore
246 1337 434 1389 repletur
452 1333 512 1390 *).

192 1393 310 1434 Hanc
337 1395 466 1446 igitur
493 1393 735 1434 sententiam
756 1390 1011 1433 Menexenus
1042 1395 1165 1444 atque
1190 1388 1309 1448 Lysis
1337 1398 1452 1437 tanta

79 1453 319 1494 assensione
348 1451 673 1503 amplectuntur,
710 1454 758 1490 ut
785 1464 891 1492 nunc
920 1449 1080 1490 demum
1110 1462 1254 1495 verum
1282 1454 1452 1494 investi-⁴

81 1515 221 1564 gutum
261 1514 358 1549 esse
405 1510 484 1549 sibi
528 1507 815 1561 persuadeant.
885 1508 1085 1548 Nimirum
1129 1522 1211 1550 non
1259 1516 1453 1564 reputant

81 1567 380 1608 adolescentuli
407 1580 431 1606 a
458 1566 632 1607 Socrate
658 1567 771 1618 ipsos
811 1564 958 1605 callide
996 1571 1190 1607 vexaturo
1225 1582 1296 1609 res
1326 1570 1452 1624 longe'

81 1625 374 1666 dissimillimas
401 1625 512 1664 inter
533 1631 580 1664 se
601 1624 792 1664 confusas
814 1637 920 1664 esse.
959 1624 1062 1665 Nam
1081 1625 1189 1677 quod
1206 1627 1241 1665 is
1270 1627 1455 1678 loquitur*

82 1684 136 1724 de
165 1684 290 1724 rebus
319 1695 397 1722 nec
426 1683 543 1722 bonis
572 1695 649 1722 nec
679 1682 819 1730 malis,
847 1685 989 1735 potest
1018 1684 1099 1723 hoc
1128 1682 1341 1725 decretum
1371 1696 1454 1727 non

83 1743 144 1783 sic
173 1741 416 1794 simpliciter
442 1741 485 1780 in
512 1740 721 1780 hominum
748 1743 934 1779 naturam
960 1739 1194 1790 transferri,
1222 1755 1327 1794 quae
1349 1757 1452 1784 nun*

83 1807 206 1852 quam
234 1801 294 1839 ita
322 1802 388 1839 est
416 1802 668 1850 comparat&
696 1801 743 1837 ut
772 1797 873 1838 nihil
901 1797 966 1837 vel
997 1800 1094 1839 boni
1121 1798 1187 1839 vel
1217 1801 1312 1840 mali
1333 1802 1375 1842 in
1405 1811 1454 1843 σθ’

87 1858 330 1911 susceperit.
386 1856 545 1896 Bonum
573 1859 711 1896 autem
742 1859 865 1907 quum
894 1856 993 1896 dicit
1019 1858 1139 1896 unice
1169 1858 1218 1897 ab
1249 1867 1314 1909 eo,
1344 1861 1456 1911 quod

86 1924 112 1956 ‘a
138 1917 246 1958 bono
277 1917 321 1954 et
348 1914 455 1954 malo
481 1914 674 1965 utrinque
707 1913 923 1954 reductum
961 1915 1039 1964 sit,
1081 1916 1217 1967 expeti
1255 1930 1302 1956 ac
1344 1918 1455 1958 desi-

86 1974 245 2023 der-ari,
289 1973 414 2012 facile
441 1976 610 2024 apparet
638 1972 718 2011 hoc·
750 1984 913 2023 quoque
944 1973 1169 2024 speciosius
1209 1984 1303 2014 esse
1334 1982 1456 2027 quam

85 2033 237 2071 veriusa
292 2030 400 2071 Illud
425 2042 549 2070 unum
575 2030 788 2069 verissime
824 2028 1086 2083 significavit,-
1104 2030 1313 2087 *homines
1347 2033 1458 2074 desi-

88 2089 204 2129 derio
234 2088 408 2139 quodam
446 2088 499 2127 ad
532 2087 746 2127 colendam
783 2088 998 2133 amicitiam
1035 2089 1192 2129 moveri
1230 2094 1352 2142 atque
1381 2093 1459 2132 im*

89 2147 211 2200 pelli,
245 2145 370 2197 idque
408 2153 542 2198 saepe.
576 2158 627 2185 ex
664 2145 913 2198 indigentiae
949 2159 1074 2185 sensu
1109 2148 1223 2187 nasci
1261 2152 1304 2188 et
1332 2163 1458 2202 gene-⁴

90 2205 196 2244 rarii
234 2204 276 2243 in
315 2208 396 2255 qu'o
432 2203 691 2256 agnoscimus
731 2215 948 2256 germanae
982 2204 1193 2244 doctrinae
1224 2205 1461 2248 Socraticae

39 2261 46 2265 ’
89 2263 331 2314 vestigium,
372 2261 482 2312 quod
509 2261 723 2301 Platonem
761 2273 923 2312 quoque
953 2274 1047 2301 esse
1076 2267 1262 2303 secutum
1290 2266 1462 2318 apparet

91 2333 116 2360 e
145 2320 335 2373 Sympos·
365 2332 406 2372 p.
435 2319 536 2358 204.
565 2319 615 2359 A.
644 2318 773 2371 Legg.
803 2318 911 2359 VIII.
949 2322 988 2370 p.
1018 2319 1121 2359 832-
1147 2321 1196 2360 A.
1227 2334 1315 2376 sqq4
1376 2323 1462 2364 Sed

91 2378 344 2419 redeundum
379 2380 445 2417 est
472 2377 522 2416 ad
551 2377 680 2429 ipsam
710 2376 892 2416 Socratis
926 2375 1252 2428 disputationem.

203 2435 380 2475 Refellit
408 2441 545 2474 autem
571 2435 607 2474 is
639 2434 746 2485 quod
776 2438 895 2474 antea
922 2438 1148 2475 statuerant
1186 2438 1267 2488 ita,
1298 2437 1344 2479 ut
1373 2445 1465 2481 eant

92 2494 337 2534 sententiam
365 2493 549 2546 pluribus
579 2488 891 2533 difficultatibus
918 2492 1105 2533 laborare
1134 2493 1301 2547 doceat,
1332 2502 1465 2549 eoque

93 2552 216 2592 modo
254 2552 494 2591 beatissima
538 2550 859 2590 adolescentium
898 2552 1053 2591 somnia
1092 2551 1294 2594 discutiat.
1366 2553 1465 2607 Qui->

94 2620 266 2661 cunque,
295 2610 438 2660 inquit,
468 2609 589 2648 alteri
619 2612 684 2648 est
713 2608 878 2656 amicus,
906 2609 943 2648 is
973 2613 1150 2650 necesse·
1181 2616 1247 2651 est
1280 2616 1323 2653 et
1352 2624 1465 2653 cau-

95 2678 200 2713 sam
231 2668 302 2707 'rei
338 2665 513 2717 habeat,
554 2670 598 2706 et
637 2666 804 2706 finem
842 2667 1018 2719 aliquem
1058 2672 1264 2718 sequatur.-
1323 2666 1468 2712 Veluti

141 2849 178 2892 ⁹⁶)
226 2852 262 2882 P.
289 2852 366 2885 zm.
391 2847 432 2884 Α.
457 2869 502 2877 -
523 2855 603 2885 218.
632 2845 668 2886 a.-
1065 2888 1094 2932 6
1122 2896 1144 2922 *
