1650 2956
744 197 798 205 ....
874 175 939 208 XX
1015 196 1073 206 ..-

236 290 343 331 xisse
380 288 442 330 vel
475 287 748 345 expressisse,
789 291 833 327 ut
872 288 957 328 iam
997 287 1298 329 accuratiorem
1330 298 1479 329 eorum
1508 298 1591 327 no·-

236 346 370 386 titiam
401 344 587 387 habuisse
617 343 826 391 videatur,
869 357 994 399 quam
1035 351 1129 385 ante
1163 345 1238 384 iter
1270 345 1311 385 in
1340 342 1522 385 Siciliam
1545 347 1594 383 -et

237 401 452 442 Graeciam
504 413 696 454 magnam
753 406 994 455 susceptum
1042 401 1078 441 ci
1127 399 1348 455 obtingere
1393 398 1591 455 potuerit.

173 495 178 499 .
237 458 362 498 Unde
392 457 491 512 quid
522 455 657 510 colligi
689 469 808 510 posse
840 456 1112 507 arbitremur,
1142 471 1196 497 ex
1225 457 1270 497 iis
1301 455 1472 512 patebit,
1491 467 1595 510 quae

239 513 428 567 Prolcgg.
459 514 510 555 ad
541 512 633 554 Vol.
665 511 692 550 Ι.
725 524 767 566 p.
791 510 932 552 XXlII
949 525 1033 566 sqq,
1056 513 1363 567 disputavimus.
1423 510 1594 552 Accedit

240 583 406 610 summa
437 570 533 610 artis
557 566 763 624 perfectio
803 569 843 609 in
874 566 955 608 hoc
987 581 1117 623 opere
1147 567 1252 610 adeo
1295 567 1519 624 conspicua
1555 572 1598 607 et

242 626 437 680 insigniS,
478 632 524 666 ut
554 637 640 665 non
671 623 829 678 possim
854 623 958 664 mihi
987 623 1239 679 persuadere
1270 624 1483 665 Platonem
1513 619 1598 663 hoe

242 695 440 723 sermone
471 679 692 722 scribendo
724 680 910 735 posuisse
933 679 1172 720 tirocinitlm
1190 713 1200 729 ,
1232 680 1374 735 postea
1396 677 1600 735 temporis

246 737 434 779 emisisse
464 737 595 778 libros
627 736 678 776 ad
708 737 803 776 artis
835 737 1126 791 praestantiam
1158 749 1255 776 cum
1287 734 1474 776 Phaedro
1514 733 1600 775 mi-

245 795 362 835 nime
392 792 713 849 comparandos.
769 792 960 846 Denique
991 792 1231 841 neminem,
1272 792 1343 847 qui
1372 790 1484 832 hunc
1511 790 1602 831 ‹lia—

245 851 391 906 logum
424 850 566 891 animo
597 848 736 904 paullo
767 849 989 890 attentiore
1019 847 1262 903 perlegerit,
1294 847 1448 903 poterit
1475 859 1602 903 prae-

248 907 374 947 terii-e
415 914 648 947 eum‘cum
686 904 800 945 libris
839 904 891 945 de
929 904 1154 959 Republica
1191 904 1457 959 maximeque
1497 915 1601 943 eum

249 963 477 1019 Symposio
506 967 620 1002 tanta
651 961 856 1002 contineri
885 961 1118 1014 argumenti
1151 960 1423 1015 cognatione,
1458 960 1511 999 ut·
1535 956 1604 1000 vel

251 1019 350 1061 inde
387 1017 663 1061 verisimiliter
698 1017 888 1059 coniicias
932 1030 1032 1057 eum
1071 1015 1246 1058 demum
1275 1021 1374 1072 post
1402 1015 1484 1056 iter
1513 1013 1604 1070 pri-

252 1089 372 1116 mum
423 1075 463 1116 in
513 1073 671 1115 ltaliam
719 1080 957 1129 susceptum
999 1071 1124 1114 literis
1170 1073 1459 1128 consignatum
1501 1083 1605 1112 esse.

254 1131 375 1183 Quae
420 1130 651 1173 observatio
691 1130 783 1185 quia
821 1128 1002 1170 multum
1041 1129 1145 1170 valet
1187 1129 1239 1171 ad
1285 1128 1480 1184 tempus,
1517 1140 1604 1182 quo

254 1188 431 1244 scriptus
473 1187 545 1239 sit,
588 1189 813 1228 accuratius
851 1184 1158 1235 definiendum,
1207 1197 1312 1242 quae
1350 1183 1459 1226 ratio
1498 1182 1608 1224 inter

254 1244 527 1300 Symposium
560 1248 600 1283 et
628 1241 864 1283 Phaedrum
893 1241 1145 1292 intercedat,
1180 1240 1321 1298 paucis
1357 1237 1608 1295 significasse

256 1299 425 1341 iuvabit.
486 1298 659 1340 Videtur
705 1305 845 1339 autem
891 1299 1012 1338 nobis
1051 1297 1208 1338 horum
1252 1296 1455 1338 librorum
1495 1301 1607 1336 tanta

258 1355 497 1397 coniunctio
538 1368 626 1395 esse
674 1369 719 1396 ac
766 1354 1051 1405 necessitudo,
1098 1360 1144 1394 ut
1183 1352 1287 1394 alter
1323 1365 1403 1408 pro
1443 1350 1610 1392 alterius

257 1411 382 1453 veluti
425 1417 546 1466 parte
585 1410 728 1451 haberi
769 1416 910 1465 queat,
959 1423 1037 1465 qua
1076 1423 1208 1450 unum
1252 1407 1465 1464 quoddam
1501 1420 1611 1463 opus

254 1467 502 1509 absolvatur.
559 1466 669 1507 Nam
701 1467 741 1506 in
774 1465 960 1506 Phaedro
990 1479 1120 1520 quum
1151 1465 1193 1506 id
1223 1464 1409 1506 maxime
1452 1470 1608 1519 agatur,

239 1531 306 1564 ,ut
336 1524 552 1564 rhetorum
584 1538 630 1563 ac
658 1521 939 1579 sophistarum
971 1527 1104 1562 artem
1145 1518 1373 1563 oratoriam
1417 1519 1612 1575 pbiloso-

260 1580 359 1636 phia
389 1594 528 1620 carere
560 1586 774 1634 arguatur,
817 1578 971 1619 amoris
1003 1585 1147 1619 autem
1187 1576 1439 1618 sublimioris
1468 1589 1514 1616 ac
1543 1573 1613 1616 di·-

260 1636 428 1677 vinioris
478 1642 619 1675 natura
657 1635 780 1676 veluti
820 1648 896 1689 per
936 1634 1195 1675 occasionem
1226 1633 1468 1683 illustretur;
1506 1645 1613 1672 con-

263 1693 386 1733 traria
430 1691 553 1747 plane
591 1695 631 1737 in
673 1690 899 1747 Symposio
948 1691 1054 1731 ratio
1094 1691 1234 1732 initur.
1291 1689 1339 1730 In
1381 1687 1461 1729 hoc
1498 1688 1613 1729 enim

260 1748 369 1790 libro
400 1747 512 1804 quod
532 1749 572 1788 in
598 1746 781 1788 Phaedro
801 1743 1015 1787 summum
1043 1753 1101 1787 cst
1124 1761 1170 1787 ac
1206 1745 1449 1801 primarium
1480 1743 1616 1784 obiter

264 1806 422 1860 agitur:
454 1804 607 1844 amoris
637 1810 775 1844 autem
808 1802 1050 1861 philosophi
1079 1809 1223 1843 natura
1253 1808 1377 1858 atque
1405 1801 1465 1842 vis
1498 1800 1616 1841 omni

264 1861 406 1902 studio
438 1859 673 1915 explicatur
710 1867 750 1899 et
779 1859 961 1899 Socratis
999 1859 1179 1914 imagine
1211 1858 1267 1899 ob
1307 1856 1451 1900 oculos
1480 1856 1617 1911 posita

264 1916 474 1974 praeclare
505 1916 726 1956 illustratur
746 1918 798 1970 *).
857 1915 923 1955 Ex
953 1929 1035 1971 quo
1065 1914 1283 1956 verisimile
1315 1913 1361 1954 fit
1391 1919 1616 1966 utrumque

267 1974 420 2014 librum
451 1972 600 2014 eodem
633 1971 722 2013 sere
753 1977 946 2026 tempore
976 1972 1179 2026 scriptum
1209 1977 1248 2011 et
1279 1971 1319 2012 in
1349 1969 1485 2010 lucem
1525 1968 1618 2009 edi-

267 2037 358 2070 tum
390 2043 487 2070 esso.
546 2027 631 2068 lam
663 2041 760 2068 vero
793 2027 968 2068 dubitari
988 2026 1101 2077 licet,
1130 2034 1269 2068 utrum
1293 2025 1500 2069 Phaedrus
1517 2030 1618 2081 post

265 2086 540 2142 Symposium
569 2084 619 2124 sit
650 2084 926 2137 composituS,
957 2098 1005 2123 an
1037 2090 1195 2124 contra.
1253 2080 1358 2123 lllud
1391 2080 1491 2121 olim
1514 2094 1620 2121 con-

266 2142 345 2183 ioci
378 2141 561 2195 Prolegg.
594 2139 644 2180 ad
674 2139 766 2181 Vol.
790 2138 818 2182 Ι.
849 2154 890 2195 p.
913 2138 1048 2181 XXV.
1107 2138 1253 2180 Fateor
1279 2144 1418 2179 tamen
1442 2137 1621 2191 ingenue

267 2212 379 2238 nunc
407 2197 509 2237 mihi
541 2194 711 2250 probari
742 2196 1008 2238 contrarium.
1069 2194 1174 2235 Nam
1218 2194 1406 2248 'primum
1445 2192 1620 2248 quidem

268 2254 530 2307 Diogenes
561 2252 807 2292 Laertius
835 2250 904 2293 lll.
933 2252 1001 2293 35.
1023 2252 1092 2293 38.
1122 2258 1162 2292 et
1190 2249 1619 2306 Olympiodorus

268 2309 500 2350 momoriae
529 2307 808 2362 prodiderunt
837 2307 1072 2348 Phaedrum
1111 2308 1219 2348 inter
1259 2314 1408 2346 omnes
1436 2304 1619 2345 Platonis

258 2366 453 2421 'dialogos
485 2365 667 2419 primum
697 2362 822 2404 fuisse
852 2363 976 2404 literis
1006 2370 1233 2404 exaratum.
1294 2362 1434 2414 Quam
1461 2359 1618 2401 famam

270 2421 467 2479 suspicari
507 2418 599 2461 licet
640 2433 725 2460 non
765 2419 818 2460 de
858 2419 988 2463 nihilo
1032 2419 1222 2462 haustam
1255 2431 1357 2461 csse.
1416 2415 1620 2459 Videlicet

317 2622 351 2663 *)
379 2622 591 2654 Riickerti
620 2620 720 2654 >enim
759 2622 799 2653 de
831 2622 1002 2662 Sympostt
1029 2621 1207 2662 proposito
1231 2620 1439 2652 sententiam
1463 2629 1531 2651 non
1557 2629 1621 2659 po-

389 2669 516 2698 tuimus
549 2669 723 2708 probarer
763 2678 824 2698 nce:
858 2668 1016 2707 probavit
1055 2667 1212 2699 Antius
1252 2667 1469 2707 Ephcmerid.
1503 2666 1623 2698 hiller.

390 2716 522 2746 teneus.
553 2716 652 2747 1832.
680 2717 719 2748 N,
750 2716 802 2745 55.
988 2716 992 2720 ’
1184 2729 1186 2731 ’
1258 2727 1265 2729 ·
1445 2723 1448 2729 ‘
