1670 2964
277 125 336 166 50
800 121 1129 162 PLATONIS

280 236 568 292 ἐποιήσαντο,
615 235 854 294 ἡγούμενοι
888 235 1000 296 πρὸς
1031 240 1113 295 μὲν
1143 236 1195 283 τὸ
1240 236 1468 300 ὁμόφυλον
1508 242 1633 299 μέχρι

281 309 402 359 νίκης
437 308 526 349 δεῖν
560 308 785 360 πολεμεῖν,
833 309 906 348 καὶ
938 303 999 362 μὴ
1037 305 1092 350 δι’
1136 304 1272 364 ὀργὴν
1308 309 1429 350 ἰδίαν
1463 305 1632 358 πόλεως

281 370 333 417 τὸ
366 370 516 416 κοινὸν
550 368 869 424 τῶνἙλλήνων
904 371 1141 425 διολλύναι,
1175 371 1288 431 πρὸς
1312 376 1357 418 δὲ
1385 370 1488 424 τοὺς
1520 375 1632 432 βαρ-

280 437 448 497 βάρους
482 442 605 495 μέχρι
640 440 916 498 διαφθορᾶς.
962 438 1148 491 τούτους
1197 438 1250 494 δὴ
1299 438 1428 494 ἄξιον
1462 444 1634 485 ἐπαινέ-

284 522 360 550 σαι
393 522 497 556 τους
531 504 709 561 ἅνὸρας,
749 507 791 549 οἳ
827 509 988 550 τοῦτον
1023 504 1101 550 τὸν
1133 505 1327 564 πόλεμον
1358 506 1635 564 πολεμήσαν-

283 589 353 623 τες
387 574 553 616 ἐνθάδε
589 581 775 622 κεῖνται,
813 570 883 616 ὅτι
917 573 1147 625 ἐπέδειξαν,
1181 573 1220 617 εἴ
1251 590 1318 626 τις
1349 570 1439 632 ἄρα
1455 572 1636 651 iniisse-

280 637 417 696 βητει,
446 636 503 690 ὡς
536 644 582 682 ἐν
616 641 676 694 τῷ
712 643 908 697 προτέρῳ
942 642 1116 696 πο7έμῳ
1151 642 1212 695 τῷ
1247 637 1357 698 πρὸς
1389 636 1496 690 τοὺς
1526 641 1637 717 βαρ-

281 703 451 757 βαρους
487 703 615 748 ἑὰλοι
650 709 764 751 τινὲς
800 706 881 745 εἶει
916 705 1122 758 ἀμεινους·
1152 704 1422 755 Ἀθηναίων,
1457 703 1526 749 ὅτι
1559 704 1639 749 Οὐκ

283 764 440 820 ἀληθῆ
466 765 794 826 ἁμφιςβητοῖεν.
832 762 952 812 οὗτοι
984 766 1068 827 γὰρ
1096 772 1303 813 ἐνταῦθα
1326 770 1504 823 ἔδειξαν,
1536 785 1641 814 στα-

285 832 498 887 σιασάσης
534 836 612 888 τῆς
638 832 844 885 ι1377αὸος
874 834 1201 893 mptyevopaeevob
1233 839 1295 892 τῷ
1314 839 1501 894 πολέμῳ,
1537 835 1641 889 τοὺς

281 903 561 959 προεστῶτας
596 904 684 944 τῶν
717 899 862 945 αλλων
893 900 1109 956 ‘Amnum
1139 902 1478 962 χειρωσάμενοι,
1522 903 1630 961 μεθ’

282 961 344 1012 ὧν
379 965 477 1012 τότε
506 965 610 1020 τοὺς
633 968 892 1030 βαρβαρους
914 973 1066 1013 ἐνίκων
1090 973 1228 1032 κοινῆ,
1259 969 1449 1022 τούτους
1481 973 1637 1016 νικῶν-

372 1111 416 1142 Ι).
463 1110 502 1142 εἴ
526 1115 595 1148 τις·
622 1108 704 1153 ἄρα
733 1106 1034 1154 ἦμφεςβήτει]
1067 1111 1126 1144 Sic
1148 1114 1225 1146 Vat.
1250 1113 1372 1152 Angel.
1397 1091 1493 1143 Flor.
1519 1121 1550 1144 a.
1577 1122 1644 1153 pro

283 1156 375 1196 vulg.
399 1151 609 1199 ἤμφιςβητει.
648 1159 698 1187 De
724 1159 851 1196 duplici
878 1160 978 1190 liuius
1005 1169 1044 1189 ac
1063 1159 1228 1189 similium
1249 1160 1434 1194 verborum
1457 1162 1642 1199 augmento

280 1211 315 1234 v.
339 1202 493 1236 Fischer.
517 1204 560 1234 ad
585 1203 725 1237 Weller.
758 1206 795 1237 T.

328 1293 372 1324 D.
417 1288 580 1324 ἐνθάδε
613 1292 806 1336 κεῖνται]
839 1293 862 1325 i.
898 1303 927 1327 e.

283 1339 331 1369 in
378 1340 617 1370 Ceramico
655 1340 929 1381 Thucyd.11‚

284 1386 337 1416 34.
373 1380 539 1437 δημόσιον
578 1383 673 1435 σῆμα
713 1389 828 1416 vocat:
871 1386 929 1416 ubi

283 1430 396 1462 Schol.
439 1439 480 1460 το
514 1425 723 1473 καλοὺαενον
756 1429 928 1474 Kapauta-

282 1472 353 1508 κόν.
380 1476 566 1508 GOTTL

329 1520 369 1551 εἴ
388 1531 454 1556 τις
472 1532 554 1564 upa
571 1515 926 1564 ἧμφεςβῆτει-Ῑ

283 1566 384 1606 quia
408 1567 734 1609 ostenderunt,
768 1568 801 1598 si
827 1568 928 1606 quis

281 1614 406 1643 forte
438 1613 770 1644 dubitabundus
809 1613 931 1644 iudi-

283 1660 403 1689 caret
458 1659 572 1690 alios
618 1659 843 1698 quospiam
885 1659 931 1690 in

284 1703 525 1742 superiore
571 1704 782 1735 adversus
830 1705 933 1735 bai·-

283 1750 416 1780 baros
466 1749 584 1781 bello
627 1748 930 1781 Atheniensi-

284 1795 361 1826 bus
392 1795 536 1826 fuisse
566 1796 804 1837 fortiores,
836 1804 929 1826 eum

283 1850 369 1871 non
402 1843 528 1872 recte
559 1843 789 1882 ambigere.
846 1842 928 1872 Plu-

283 1887 390 1917 ralem
451 1896 630 1918 numerum
687 1883 929 1929 ἂμφιςβηῑοῖεν

283 1935 362 1971 post
385 1932 415 1963 εἴ
438 1942 491 1968 τις
513 1933 647 1964 illatum
668 1934 784 1964 multis
811 1942 931 1964 exem·

287 1979 354 2017 plis
382 1976 633 2010 illustravimus
663 1980 705 2009 ad
738 1979 865 2010 Phileb.
897 1989 941 2018 p..

286 2026 342 2056 45.
369 2024 404 2055 B.
431 2024 523 2057 conf
548 2026 698 2058 Matth.
724 2024 754 2064 §.
779 2027 857 2055 487.
883 2027 916 2055 4.

331 2066 373 2100 E.
427 2063 532 2106 τοὺς
571 2067 848 2114 προεστῶτας
884 2084 932 2094 --

283 2110 388 2168 μεθ’
417 2110 467 2146 ὦν
490 2108 588 2147 τότε
612 2128 643 2147 τ.
670 2117 706 2158 β.
730 2116 855 2154 ἐν.]Ιῐι
879 2116 932 2146 his

284 2156 365 2191 τότε
391 2163 443 2191 est
474 2165 627 2202 antea,
659 2164 698 2192 ut
725 2162 932 2194 sexcenties.

285 2207 512 2237 neten-endum
546 2208 636 2238 enim
670 2205 711 2238 ad
741 2208 831 2238 bella
854 2217 933 2238 cum

287 2251 404 2281 Persis
442 2255 550 2292 gesta.
609 2254 728 2291 ltaque
759 2254 933 2284 Lacedae-

287 2297 423 2326 monios
469 2297 619 2338 intelligi
662 2302 819 2338 apertum
868 2301 933 2330 est.

287 2343 340 2373 De
376 2344 550 2374 structura
584 2345 766 2375 verborum
807 2343 934 2380 ἔδειξαν

288 2381 436 2423 τούτους
460 2386 609 2425 νικῶντες
632 2389 700 2431 ἰδίᾳ
723 2399 753 2421 ν.
777 2390 931 2422 Matth-

290 2434 320 2472 §.
340 2435 416 2464 548.
466 2435 521 2465 Ex
545 2445 584 2465 eo
610 2434 728 2475 igitur,
753 2436 842 2474 quod
868 2436 933 2467 soli

286 2475 518 2510 Athenienses
550 2481 624 2511 sine
657 2482 804 2512 aliorum
830 2482 934 2513 auxi-

286 2525 335 2556 lio
367 2521 484 2555 hostes
524 2526 566 2556 ad
600 2527 718 2565 Pylum
760 2530 803 2558 et
823 2529 935 2567 Spha-

288 2569 431 2601 etei-iam
463 2571 634 2612 vicerint,
675 2573 789 2612 colligi
828 2574 935 2604 licere

292 2616 341 2648 ait
365 2617 549 2654 Spartanos
582 2618 777 2656 neutiquam
807 2620 935 2650 virtute

293 2670 356 2694 sua
380 2662 648 2693 Atheniensibus
676 2666 866 2703 praestare.

337 2708 374 2739 P.
397 2709 475 2741 243.
522 2707 683 2740 πολλοὶ
719 2709 793 2752 μὲν
820 2706 936 2754 ἀμφὶ

829 1206 870 1237 ll.
904 1214 938 1243 p.
963 1207 1040 1236 296.
1070 1206 1269 1236 Buttmann.
1294 1206 1356 1239 Gr.
1387 1205 1490 1244 ampl.
1528 1206 1560 1244 §.
1586 1208 1641 1236 86.

995 1293 1205 1327 Σικελίαν
1236 1296 1307 1334 -]
1346 1294 1410 1326 His
1441 1295 1554 1326 verbis
1584 1305 1643 1326 re-

996 1342 1172 1380 spondent
1197 1348 1285 1379 quae
1315 1344 1505 1379 sequuntur
1530 1341 1644 1376 infra.

995 1384 1116 1418 πολλοι
1156 1381 1190 1416 δ’
1236 1386 1272 1416 ἐν
1314 1385 1522 1429 ναυμαχίαις
1559 1381 1646 1422 ταῖς

994 1427 1084 1463 καθ’
1103 1427 1360 1473 Ἑλλήςποντον.
1397 1433 1523 1470 ltaque
1543 1432 1644 1463 haec:

996 1478 1044 1513 οἷς
1074 1475 1291 1518 βοηθοῦντες
1312 1493 1359 1500 —
1387 1474 1411 1518 ἢ
1444 1474 1510 1508 τῶν
1536 1474 1646 1508 ἄλλων

996 1522 1030 1554 οἱ
1055 1522 1168 1564 φίλοι,
1202 1522 1449 1561 explicationis
1475 1523 1588 1562 gratia
1610 1523 1646 1553 et

996 1568 1095 1607 quasi
1120 1577 1181 1607 per
1213 1569 1440 1607 parenthesin
1471 1570 1642 1607 quandam

996 1614 1208 1653 interposita
1240 1617 1332 1644 sunt.
1384 1614 1486 1650 Quod
1530 1618 1645 1645 autem

997 1660 1042 1700 ii,
1076 1660 1135 1699 qui
1170 1659 1208 1690 in
1235 1660 1390 1691 Siciliam
1423 1659 1521 1690 missi
1549 1662 1645 1700 sunt,

997 1705 1162 1736 dicuntur
1196 1703 1335 1736 πλεῖστα
1374 1701 1527 1748 τρόπαια
1562 1704 1645 1746 στῆ-

997 1761 1074 1792 σαι,
1108 1752 1143 1782 id
1168 1760 1232 1790 ego
1266 1749 1406 1782 omnino
1430 1752 1580 1782 referam
1603 1751 1646 1781 ad

998 1798 1077 1828 illas
1102 1797 1285 1836 victorias,
1309 1806 1394 1836 quas
1417 1797 1646 1828 Athenienses

997 1844 1079 1874 inde
1127 1843 1168 1872 ab
1206 1841 1309 1873 huius
1351 1842 1432 1873 belli
1474 1842 1576 1873 initio
1607 1842 1646 1873 in

999 1887 1119 1920 Sicilia
1151 1891 1391 1926 reportarunt.
1447 1890 1536 1920 Nam
1569 1887 1644 1928 pri-

999 1944 1055 1965 mo
1088 1934 1124 1964 in
1157 1934 1292 1972 proelio
1325 1933 1368 1964 ad
1401 1933 1534 1974 Mylas,
1573 1942 1645 1963 non

999 1981 1075 2011 sine
1106 1987 1231 2019 magna
1252 1979 1414 2010 hostium
1449 1979 1562 2020 clade,
1595 1978 1646 2009 vi-

1000 2025 1115 2057 ctoria
1148 2024 1252 2064 potiti
1278 2028 1371 2056 sunt.
1405 2033 1436 2054 v.
1460 2023 1645 2063 Thucyd-

1000 2073 1065 2111 lu,
1109 2073 1162 2104 9⁰.
1207 2070 1332 2101 Diod.
1359 2070 1452 2100 ⁷x11.
1493 2079 1526 2109 p.
1567 2070 1645 2101 515.

999 2116 1086 2148 Tum
1118 2115 1346 2147 Athenienses
1382 2122 1506 2146 rursus
1539 2117 1646 2155 Syra-

999 2171 1146 2199 cusanos
1171 2160 1448 2200 proelio.navali
1477 2161 1644 2192 vicerunt.

999 2217 1031 2240 v.
1069 2206 1337 2246 VVesseling.
1370 2207 1412 2237 ad
1443 2206 1585 2238 Diodor.
1620 2207 1644 2237 l.

1000 2262 1031 2286 c.
1061 2253 1141 2285 coll.
1178 2251 1440 2291 lustin.‘1V,
1469 2254 1502 2283 4.
1565 2253 1644 2283 Non

999 2299 1052 2330 ita
1082 2299 1188 2330 multo
1232 2300 1311 2338 post
1349 2296 1513 2330 Leontini
1565 2307 1643 2328 cum

998 2344 1266 2378 Atheniensibus
1287 2345 1531 2383 oppugnarunt
1549 2345 1644 2374 Mes-

997 2398 1142 2426 sanam„
1176 2390 1244 2421 Sed
1275 2392 1515 2420 messanenses
1550 2389 1645 2419 facta

1001 2437 1183 2476 eruptione
1221 2442 1378 2474 magnam
1401 2435 1644 2465 Leontinorum

1000 2486 1132 2522 partem
1158 2482 1195 2511 in
1218 2480 1333 2520 fugam
1357 2478 1535 2510 dederunt.
1567 2481 1644 2515 Quo

1000 2530 1093 2559 facto
1126 2526 1352 2558 Athenienses
1390 2523 1508 2556 hostes
1540 2535 1647 2564 repu-

1002 2570 1119 2604 lerunt
1161 2574 1195 2603 et
1232 2571 1324 2602 intra
1368 2571 1507 2602 moenis.
1549 2571 1645 2602 urbis

1002 2626 1087 2650 suae
1113 2616 1366 2649 concluserunt.
1394 2617 1451 2648 Ex
1476 2626 1544 2656 quo
1566 2625 1645 2647 cer..

1003 2664 1134 2696 tamine
1159 2666 1196 2694 ut
1221 2662 1422 2701 superiores
1445 2661 1646 2693 discessisse

1001 2709 1215 2752 viderentur,
1239 2710 1382 2747 tropaeo
1403 2709 1529 2750 posito,
1553 2707 1643 2738 Rhe-
