1670 2964
149 118 153 130 ⁴
226 117 340 170 'asc
763 129 1094 173 PLA'roms

253 242 347 283 dum
385 255 464 284 non
504 247 590 293 est,
630 242 738 295 quod
775 243 944 284 subinde
980 246 1232 298 ineptissima
1270 257 1453 299 quaeque
1481 248 1600 298 atque

252 301 539 340 absurdissima
568 302 828 352 proficientes
847 302 942 341 viris
964 304 1229 355 prudentibus
1254 310 1298 343 et
1326 302 1501 346 cordatis
1529 302 1600 342 de-

250 357 426 398 buerunt
460 358 687 397 ludibrium.
744 356 849 408 Quid
890 359 996 399 enim
1034 361 1232 400 eiusmodi
1267 359 1599 401 homuncionibus

253 416 380 467 magis
419 419 559 466 potest
593 427 688 453 esse
720 415 933 454 ridiculum
967 416 1033 456 vel
1062 417 1274 458 odiosum‘!
1331 416 1599 459 Nihilominus

250 484 348 510 vero
390 472 496 523 apud
535 472 729 524 populum
756 474 896 524 ,gratia
931 477 974 512 et
1009 475 1250 514 auctoritate
1285 475 1456 515 multum
1489 473 1598 513 vale*

250 529 358 569 baut.
424 528 526 567 Nam
562 529 733 580 primum
772 529 933 580 quidem
969 543 1135 583 magnae
1185 531 1317 583 plebis
1356 530 1599 571 multitudini
1624 527 1633 585 ’Χ

250 584 462 637 magnifico
501 586 685 634 incessu,
719 585 871 625 decoro
898 587 1059 637 habitu,
1102 588 1350 629 recitationis
1388 587 1598 635 suavitate,

249 642 423 692 denique
471 643 682 682 ambitiosa
720 643 929 682 doctrinae
978 647 1022 683 et
1065 644 1302 685 eruditioni·
1344 643 1600 686 affectatione

248 699 520 751 imponebant.
578 698 734 738 Deinde
763 713 814 739 ue
842 700 1084 741 eruditiores
1113 701 1276 752 quidem
1303 705 1427 754 atque.
1453 701 1598 742 cultio-

248 769 317 795 res
360 769 431 796 eos
469 769 549 795 non
585 757 772 796 lubenter
809 757 1043 806 audiebant,
1098 758 1418 808 quandoquidem
1451 757 1602 798 Graeci

247 812 490 853 liberalioris
519 814 726 852 doctrinae
756 817 798 852 et
827 815 970 853 artium
1000 814 1050 853 ad
1076 815 1365 855 humanitatem
1393 815 1599 867 pertinen-

247 871 348 910 tium
387 871 671 910 stud10sissimi
708 870 894 920 fuerunt,
932 871 1107 923 ideoque
1140 883 1218 911 nec
1255 885 1278 911 a
1317 872 1494 926 publicis
1529 883 1598 911 so·

246 928 522 967 lemnitatibus
572 929 791 967 carminum
830 929 1112 968 recitationem
1167 928 1315 968 abesse
1372 929 1598 969 voluerunt.

246 984 423 1024 Maxime
452 990 586 1024 autem
608 985 792 1023 videntur
811 985 1022 1036 rhapsodis
1054 985 1206 1025 favisse
1229 986 1500 1035 Homeridae,
1530 985 1599 1036 qui

246 1042 288 1081 id
326 1043 498 1094 agebant
537 1042 675 1090 unice,
718 1046 764 1080 ut
802 1046 918 1093 pater
951 1043 1087 1093 poesis
1119 1047 1308 1094 quantum
1336 1044 1429 1083 fieri
1456 1045 1598 1095 posset

246 1099 523 1140 celebraretur
560 1105 682 1150 atque
715 1098 968 1147 laudaretur,
1007 1100 1155 1151 quippe
1194 1101 1235 1138 in
1273 1101 1386 1140 cuius
1414 1099 1600 1141 carmini-

244 1157 321 1196 bus
359 1157 487 1194 omnis
523 1165 642 1194 verae
680 1157 898 1206 sapientiae
938 1155 1094 1195 fontem
1126 1169 1172 1196 ac
1201 1157 1438 1209 principium
1463 1157 1600 1196 latere

246 1214 418 1252 arbitra1
422 1208 540 1251 entur
566 1209 622 1278 *)..
690 1212 830 1251 Facile
875 1213 998 1264 igitur
1045 1215 1124 1252 iam
1171 1214 1325 1264 poterit
1364 1214 1598 1263 existimari,

246 1283 320 1309 cur
349 1269 540 1308 Socrates
582 1270 750 1320 eiusque
791 1269 975 1320 discipuli
1004 1270 1122 1308 istam
1148 1270 1442 1320 rhapsodorum
1469 1272 1599 1310 natio-

244 1340 340 1366 nem
370 1327 593 1377 despicatui
627 1326 850 1365 habuerint.
920 1327 1050 1376 Quum
1078 1327 1184 1365 enim
1212 1327 1305 1376 ille,
1345 1328 1444 1367 licet
1465 1340 1511 1367 se
1536 1328 1599 1380 ip-

248 1397 338 1423 sum
378 1384 476 1422 nihil
516 1383 622 1421 scire
658 1383 943 1434 profiteretur,
983 1387 1116 1422 tamen
1152 1385 1284 1423 omnia
1311 1384 1361 1423 ad
1389 1385 1599 1426 scientiam

247 1441 451 1489 referret,
490 1445 611 1491 atque
647 1453 785 1478 vanam
825 1442 1092 1491 arrogantiam
1125 1446 1167 1479 ct
1196 1442 1416 1492 sapientiae
1444 1443 1598 1493 opinio-

251 1511 343 1537 nem
374 1511 536 1548 semper
577 1500 620 1536 et
654 1498 802 1548 ubique
830 1499 1047 1549 castigaret
1073 1499 1292 1547 acerrime,
1329 1503 1416 1538 tum
1442 1498 1599 1538 ueho-

249 1568 338 1594 rum
369 1555 530 1607 quidem
558 1554 764 1593 hominum
791 1554 1003 1593 stoliditati
1029 1555 1225 1607 pepercit.
1295 1554 1418 1599 Cuius
1445 1557 1507 1595 rei
1534 1561 1599 1595 te-

252 1613 485 1651 stimonium
525 1615 656 1651 exstat
692 1611 796 1662 apud
833 1611 1226 1678 Xenophontem
1264 1609 1599 1663 Memorah.1v‚

251 1669 538 1718 2,1o.‚ubi
573 1669 763 1708 Socrates
799 1682 905 1716 τους
941 1666 1024 1724 γάρ
1053 1683 1126 1710 τοι
1161 1664 1428 1734 ῥαψῳδοὺς,
1456 1671 1599 1722 inquit,

254 1724 357 1767 οἶδα
397 1741 452 1767 τα
488 1726 570 1779 μὲν
606 1726 686 1776 ἔπη
726 1723 1043 1779 ἀκριβοῦντας,
1083 1722 1245 1773 αὐτους
1282 1725 1329 1766 δὲ
1366 1722 1482 1766 πάνυ
1509 1725 1603 1778 ἠλι-

251 1783 392 1831 &evg—
421 1778 565 1831 ὄντας.
624 1783 868 1834 Quibuscum
898 1784 1135 1821 conveniunt
1161 1782 1251 1830 illa,
1281 1795 1385 1834 quae
1414 1782 1600 1835 Sympos.

252 1839 330 1888 III,
360 1841 400 1878 5.
430 1840 645 1905 leguntur,
686 1853 764 1895 quo
796 1840 890 1879 loco
917 1840 1183 1879 Antisthenes
1213 1839 1449 1880 Niceratum
1471 1838 1601 1882 inter·

252 1901 394 1964 rogat:
434 1892 581 1938 οἶσθα
617 1912 662 1938 τι
691 1896 771 1938 οὐν
816 1895 956 1944 έθνος
998 1891 1313 1964 ἠλιθιώτερον
1344 1895 1600 1954 ῥαψῳδῶν,·

252 1955 318 1994 cui
355 1950 540 1995 1116.οὐ
575 1969 639 2007 μα
675 1948 754 1994 τὸν
789 1952 893 2000 Δία,
926 1955 1068 2004 inquit,
1098 1947 1262 1994 οὔκουν
1291 1950 1438 2007 ἔμοιγε
1465 1953 1599 1997 δοκεῖ.

251 2011 368 2050 Hanc
403 2011 527 2062 igitur
565 2012 806 2050 sententiam
843 2012 964 2050 etiam
1000 2011 1211 2050 Platonem
1248 2010 1473 2062 amplexum
1509 2025 1604 2052 esse

251 2069 485 2119 neutiquam
514 2069 760 2117 mirabimur,
789 2080 957 2119 eamque
985 2081 1145 2108 causam
1164 2070 1351 2119 putamus
1382 2069 1602 2121 exstitisne,

252 2138 325 2164 cur
362 2125 589 2177 rhapsodos
626 2125 703 2165 hac
746 2125 966 2177 scriptione
994 2138 1066 2165 sua
1091 2125 1372 2177 perstringere
1399 2128 1444 2165 et
1467 2125 1602 2167 ridere

251 2182 437 2221 voluerit.

366 2239 502 2290 Atque
537 2238 656 2278 huius
694 2239 757 2277 rei
796 2238 1024 2278 observatio
1050 2251 1125 2278 nos
1154 2230 1601 2289 graviter,commonet'‚

253 2297 301 2333 ut
332 2295 447 2334 aliam
479 2297 753 2346 quaestionem
779 2308 869 2334 cum
897 2295 1171 2347 superioribus
1200 2293 1452 2334 coniunctam
1479 2294 1599 2332 attin-

254 2364 406 2402 gamus.
463 2351 696 2390 Dubitatum
727 2356 794 2389 est
821 2353 926 2391 enim
956 2366 979 2391 a
1007 2351 1101 2390 viris
1130 2350 1285 2398 doctis,
1315 2362 1395 2401 quo
1417 2354 1601 2401 tempore

254 2407 322 2446 hic
361 2407 541 2459 dialogus
571 2422 594 2447 a
621 2407 790 2446 Platone
818 2408 992 2458 scriptus
1022 2420 1068 2446 ac
1097 2407 1320 2458 divulgatus
1350 2407 1416 2446 sit.
1473 2407 1601 2457 Quam

253 2477 341 2503 rem
372 2465 451 2502 etsi
481 2464 662 2503 fortasse
691 2465 815 2503 satius
846 2465 900 2502 sit
925 2464 1179 2503 iniudicatam
1206 2463 1450 2515 relinquere,
1477 2477 1600 2515 quan-

255 2521 469 2573 doquidem
506 2522 568 2560 via
594 2534 731 2561 merae
767 2521 1020 2573 suspicionis,
1046 2520 1258 2561 admodum
1284 2520 1438 2561 incerta
1463 2519 1533 2562 illa
1560 2523 1603 2562 et

328 2746 364 2791 *)
388 2748 428 2781 v.
451 2746 598 2782 Phaedr.
621 2755 655 2789 p.
679 2748 757 2783 252.
781 2750 818 2783 Β.
842 2720 894 2783 ue
918 2749 998 2792 nep.
1020 2747 1064 2783 x.
1087 2759 1121 2792 p.
1148 2737 1223 2782 599.
1248 2749 1290 2784 Ε.
