1670 2964
503 134 777 188 HIPPIAS
816 143 1043 188 MAtoa.
1370 146 1466 202 ,157

89 260 217 301 beant
238 259 521 311 iucunditatem
580 260 859 305 Veruntamen
888 262 984 303 hnic
1015 263 1094 316 ipsi
1133 263 1361 304 sententiae
1387 263 1464 304 ali-

90 318 187 372 quid
207 315 390 362 'offfliere
417 319 622 361 admonet.
679 320 845 362 Etenim
875 322 1079 362 neminem
1107 320 1202 362 fore
1229 322 1466 371 arbitratur,

88 377 158 430 qui
195 372 353 427 edem*
387 377 617 428 olfacere,
653 391 829 419 venerea
868 379 1077 432 voluptate
1121 379 1229 429 frui,
1278 379 1464 432 pulcrum

86 435 202 478 malit
239 434 381 475 dicere
418 449 538 488 quam
575 437 805 479 iucundum.
872 437 953 477 Iam
993 438 1029 477 si
1069 437 1280 490 pulcrum,
1318 438 1463 488 inquit,

85 490 260 532 iucundo
286 490 449 533 'visu'et
477 494 616 534 auditu
643 495 909 546 percipiendo
948 495 1087 535 inesse
1115 497 1354 545 statuimus,
1394 507 1464 549 ce-

85 551 270 590 terarum
307 562 500 592 sensuum
549 553 819 592 iucunditates
858 552 1141 605 pulcritudinis
1181 553 1465 594 communione

85 608 298 650 exclusae·
317 612 450 648 erunt.
508 608 595 649 Sed
629 623 751 662 quum
791 610 1012 666 iucundum!
1045 625 1068 650 a
1106 611 1283 651 iucundo
1319 614 1465 652 natura

83 677 159 706 sua
187 676 269 705 non
288 663 430 719 vpossit:
458 680 553 707 esse
584 667 812 717 diversum,
840 668 965 717 illud,
997 668 1105 719 quod
1133 670 1222 707 visu
1253 672 1295 708 et
1324 668 1465 708 auditu

85 722 471 775 comprehenditur,
505 737 587 765 non
624 723 796 777 propter
831 725 1120 765 iucunditatem
1148 726 1334 778 pulcrum
1367 725 1464 765 effi-

85 791 183 820 cere
223 781 481 822 iudicandum
527 783 630 832 erit,
680 782 754 822 sed
799 787 971 834 propter
1020 783 1139 822 aliam
1181 796 1463 835 quamcunque

83 836 259 878 causam.
317 838 541 880 Praeterea
575 841 763 891 quoniam
802 853 872 880 res
916 841 992 880 sub
1028 842 1158 880 visum
1197 844 1242 880 et
1279 841 1462 881 auditum
1492 864 1497 866 >

85 895 296 937 subiectae
323 897 433 941 inter
461 909 510 936 se
539 896 756 947 differunt,
795 909 872 936 nec
901 898 971 947 id,
1008 898 1116 951 quod
1156 898 1286 938 oculis
1325 899 1462 938 cerni-

82 955 176 1002 tur,
211 952 333 992 'simul
368 954 532 1002 auribus
562 966 723 1006 quoque
750 955 1005 1007 percipitur,
1049 968 1222 996 necesse
1253 959 1320 996 est
1347 968 1460 996 com—

79 1009 203 1050 mune
231 1008 420 1062 quiddam
447 1012 703 1063 reperiatur,
739 1013 791 1052 ob
832 1013 941 1063 quod
979 1014 1103 1053 rebus
1130 1015 1219 1053 visu
1250 1017 1294 1053 et
1321 1013 1462 1053 auditu

79 1064 353 1128 percipiendis
379 1067 612 1122 pulcritudo
642 1070 900 1109 attribuenda
936 1070 1134 1110 videatur.
1192 1071 1286 1111 Hoc
1323 1075 1462 1111 autem

81 1125 124 1165 in
153 1123 407 1173 iucunditate
435 1127 550 1167 nullo
578 1131 698 1179 pacto
727 1129 866 1168 inesse
903 1132 1067 1180 potest:
1105 1141 1207 1181 quae
1238 1129 1275 1169 si
1305 1129 1460 1181 pulcri-

80 1181 263 1237 tudinem
291 1183 507 1233 efficeret,
550 1186 673 1224 etiam
702 1189 934 1226 ceterorum
965 1199 1158 1226 sensuum
1186 1187 1461 1227 iucunditates

80 1239 248 1280 eandem
286 1245 429 1282 essent
464 1242 690 1283 habiturae.
759 1243 1021 1297 Relinquitur
1061 1256 1186 1296 ergo,
1231 1248 1279 1284 ut
1316 1245 1458 1285 dicen-

79 1297 174 1338 dum
211 1299 268 1338 sit
303 1298 544 1349 iucundum,
589 1300 698 1353 quod
752 1301 882 1342 oculis
923 1305 968 1342 et
1012 1303 1176 1342 auribus
1214 1303 1459 1355 percipitur,

77 1352 174 1396 ideo
203 1367 300 1396 esse
325 1356 533 1409 pulcrum,
573 1359 667 1410 quia
696 1371 799 1410 quae
825 1359 891 1398 his
922 1360 1109 1400 sensibus
1137 1359 1366 1401 afferuntur
1392 1361 1459 1400 iu·-

79 1411 309 1454 canditates
346 1417 472 1467 atque
512 1415 742 1467 voluptates
780 1418 945 1457 minime
985 1418 1130 1457 noxiae
1167 1421 1291 1471 atquc
1331 1417 1460 1471 longe

0 1521 2 1523 .
78 1470 320 1519 utilissimae
348 1471 443 1512 sint.
499 1471 563 1512 Ex
592 1485 672 1525 quo
702 1473 884 1514 efficitur
917 1475 1152 1526 pulcrum
1189 1476 1458 1516 contineri

76 1527 206 1568 'utili
254 1532 306 1567 et
350 1529 567 1570 innoxia
609 1531 886 1584 voluptate
912 1530 970 1587 *).
1036 1533 1313 1573 Subtilissima
1349 1534 1459 1574 haec

76 1582 300 1638 ‘disputatio
327 1584 506 1639 Hippiae
535 1601 679 1628 rursus
708 1589 828 1640 plane
855 1591 1064 1642 probatur.
1123 1591 1244 1642 Quod
1269 1592 1341 1631 ubi
1369 1593 1457 1632 ani-

74 1643 295 1683 madvertit
339 1642 557 1694 Socrates,
603 1647 645 1687 in
695 1659 744 1686 ea
788 1648 891 1687 nihil
937 1648 1023 1687 veri
1067 1648 1208 1688 inesse
1255 1653 1456 1701 protenus

74 1702 264 1740 evincere
301 1705 484 1749 conatur.
551 1703 655 1743 Nam
703 1704 809 1744 utile
857 1707 1046 1756 quoniam
1083 1708 1318 1758 apparuerit
1359 1720 1457 1748 esse

74 1752 172 1799 boni
201 1759 364 1799 causam
378 1790 390 1809 ,
427 1772 550 1800 causa
578 1766 716 1802 autem
754 1763 803 1802 ab
836 1764 990 1804 effectu
1020 1763 1185 1805 differat
1212 1765 1458 1818 plurimum;

76 1816 248 1857 'eandem
275 1817 357 1857 iam
384 1816 679 1859 dubitationem
708 1821 765 1860 ait
802 1821 975 1871 oboriri,
1012 1822 1054 1862 in
1090 1834 1210 1873 quam
1237 1823 1458 1864 inciderint

75 1879 206 1914 antea.
263 1873 411 1927 Neque
439 1877 548 1916 enim
576 1877 684 1916 bono
713 1878 899 1929 pulcrum
937 1880 1138 1920 contineri
1169 1893 1307 1932 neque
1333 1882 1456 1920 vicis-

75 1928 154 1972 'sim
191 1931 334 2046 pugcro
376 1933 550 1984 bonum,
601 1934 678 1975 sed
713 1936 890 1977 alterum
925 1938 976 1977 ab
1014 1937 1146 1978 altero
1187 1950 1284 1980 esse
1319 1938 1456 1980 diver-

78 2002 169 2030 sum
269 2019 280 2029 .

78 2050 82 2053 “
187 2046 246 2087 Et
275 2046 478 2088 cavillatio
517 2049 680 2101 quidem
721 2050 846 2100 haec,
890 2063 1010 2103 quam
1053 2056 1266 2105 postremo
1297 2065 1456 2093 memo-

73 2105 271 2154 ravimus,
311 2117 431 2156 quam
472 2107 623 2146 nullam
661 2109 742 2147 vim
780 2109 954 2160 habeat,
996 2111 1119 2150 facile
1149 2123 1199 2151 ex
1235 2111 1311 2160 iis,
1349 2125 1455 2164 quae

74 2163 211 2215 paullo
250 2167 346 2202 ante
383 2165 664 2215 exposuimus,
714 2167 971 2219 intelligitur.
1038 2169 1239 2219 Quocirca
1282 2181 1335 2208 ne
1383 2170 1456 2210 hic

74 2218 237 2272 quidem
275 2219 386 2260 nulla
425 2226 586 2261 exstant
625 2236 746 2263 verae
774 2224 956 2265 Platonis
996 2227 1226 2266 sententiae
1259 2227 1454 2279 vestigia3

74 2291 178 2330 quae
208 2278 338 2330 qualis
367 2278 518 2328 fuerit,
547 2292 629 2319 non
656 2285 812 2321 tantum
842 2295 866 2322 e
895 2283 1050 2335 Gorgia
1079 2296 1116 2335 p.
1145 2282 1245 2324 475.
1273 2284 1347 2333 A.,
1378 2285 1456 2325 sed

71 2335 238 2393 planius=
262 2336 385 2375 etiam
416 2349 440 2375 e
469 2336 642 2376 Philebo
672 2352 710 2390 p.
738 2339 794 2378 51
828 2353 915 2392 sqq.
946 2343 1215 2393 perspicitur,
1246 2354 1327 2393 quo
1356 2343 1452 2382 loco

73 2393 242 2446 copiose
263 2391 333 2432 *tle
371 2393 500 2445 pulcri
540 2399 584 2434 et
621 2397 842 2448 voluptatis
877 2399 1181 2439 necessitudine
1221 2398 1452 2451 disseritur,

73 2449 274 2502 simulque
304 2451 435 2490 etiam
459 2451 560 2490 illud
591 2454 837 2504 explicatur,
869 2469 943 2495 cur
970 2457 1080 2497 visus
1112 2460 1156 2496 et
1184 2458 1345 2497 auditus
1374 2471 1452 2510 pro

73 2509 260 2550 sensibus
292 2509 554 2549 divinioribus
595 2511 676 2550 sint
705 2512 893 2552 habendi.
953 2515 1188 2567 Quanquam
1226 2516 1327 2555 illud
1356 2516 1450 2556 dili-

72 2567 221 2619 genter
245 2567 642 2609 animadvertendum
673 2574 760 2619 est,
790 2571 832 2613 in
862 2570 1022 2614 Philebi
1051 2572 1144 2615 loco
1174 2572 1226 2614 de
1252 2573 1377 2615 rebus
1407 2575 1452 2616 in

114 2745 158 2790 ⁵)
203 2748 242 2781 Ρ.
268 2750 346 2781 298.
370 2752 412 2782 A.
438 2769 477 2775 -
508 2754 585 2786 303.
614 2754 656 2785 n.

96 2804 162 2848 ⁴¹¹)
205 2805 348 2840 naua.
372 2809 416 2841 Ε.
