1670 2964
238 164 325 217 154
754 172 1086 216 PLA'TONIS

238 289 354 339 dicit,
400 293 523 342 atque
558 288 644 328 eius
687 289 849 328 nomine
886 288 1129 330 definitionis
1166 289 1334 331 alicuius
1371 287 1595 342 periculum

238 347 391 387 facere.
465 347 551 387 Nec
586 346 720 384 renuit
754 345 947 397 Hippias,
992 348 1059 397 qui
1097 360 1142 386 se
1176 348 1256 387 isto
1296 346 1417 387 modo
1455 357 1596 406 magna

240 405 429 444 molestia
468 404 683 442 liberatum
730 402 782 457 iri
828 403 1014 442 confidat.
1082 404 1222 454 Itaque
1264 403 1455 443 Socrates
1503 414 1596 442 eum

239 461 379 500 videre
407 461 520 499 iubet
549 462 592 498 et
621 459 901 508 considerare,
938 473 1031 499 num
1059 459 1169 500 forte
1197 461 1320 511 illud,
1361 459 1496 511 quod
1530 452 1595 500 τὸ

239 520 455 574 πρέπον
486 516 715 565 dicatur,
746 517 1107 566 habeaturque
1135 517 1298 558 alicui
1322 518 1398 557 rei
1425 520 1597 572 aptum

241 579 296 614 et
335 573 677 622 commodum,
718 586 792 624 pro
821 574 962 626 pulcro
993 573 1217 613 ducendum
1249 575 1331 614 sit.·
1370 573 1462 613 Hoc
1501 585 1597 626 pro-

239 636 357 671 tenus
387 631 459 670 ille
497 643 666 670 assensu
703 643 776 669 suo
809 631 1089 682 amplectitur,
1131 624 1366 682 fateturque
1403 631 1482 670 sibi
1515 631 1597 670 iam

238 689 424 740 pulcrum
451 688 523 727 illo
552 700 633 726 uno
660 687 790 726 videri
818 688 1034 737 contineri,
1074 688 1182 738 quod
1210 689 1264 727 sit
1290 687 1342 726 ad
1367 686 1474 726 aliud
1502 685 1600 739 quid

237 749 376 797 aptum
408 745 697 795 commodeque
727 748 1011 796 comparatum.
1070 744 1153 784 Sed
1186 746 1251 784 vix
1288 744 1368 784 hoc
1402 743 1460 783 ita
1500 755 1598 795 pro·-v

237 803 459 852 nuntiavit,
490 815 611 853 quum
646 801 836 841 Socrates
865 802 968 840 hanc
999 803 1240 841 sententiam
1266 813 1407 841 rursus
1437 800 1598 839 convel-

237 860 328 900 lere
357 863 536 898 conatur.
594 858 734 898 Utitur
761 864 895 898 autem
923 858 1026 897 hanc
1055 860 1095 898 in
1126 872 1214 897 rem
1242 859 1319 898 hac
1357 857 1450 897 fere
1479 870 1598 909 argu-

237 918 500 957 mentatione.
567 915 686 967 Quod
723 911 774 956 τὸ
813 916 982 971 πρέπον
1018 927 1228 964 vocamus,
1265 916 1417 966 inquit,
1455 914 1499 954 id
1533 913 1599 954 vel

237 974 458 1013 videtur
485 973 687 1026 pulcrum,
717 973 782 1011 vel
812 985 952 1011 revera
982 976 1073 1011 est.
1124 972 1205 1012 Iam
1234 973 1269 1012 si
1299 972 1478 1023 speciem
1506 975 1597 1026 tan-

238 1031 447 1071 tummodo
488 1030 768 1082 pulcritudinis
806 1030 949 1078 habet,
988 1030 1218 1082 neutiquam
1255 1030 1386 1081 ipsum
1413 1028 1598 1080 pulcrum

241 1088 329 1138 ‘est7
360 1089 411 1127 de
442 1100 520 1140 quo
552 1089 818 1137 anquirimus,
859 1086 931 1126 sed
960 1087 1059 1125 nihil
1089 1087 1167 1126 nisi
1195 1086 1382 1125 fallacem
1411 1086 1498 1126 eius
1526 1097 1597 1124 ve-

239 1146 316 1185 luti
361 1146 543 1186 umbram
590 1149 711 1194 atque
760 1145 973 1196 imaginem
1020 1144 1195 1183 exhibet.
1270 1142 1426 1194 Quodsi
1461 1145 1597 1183 autem

239 1203 339 1242 illud
377 1203 499 1241 rebus
538 1201 816 1253 pulcritudinis
861 1205 903 1239 et
937 1201 1150 1242 veritatem
1185 1203 1228 1239 et
1262 1201 1441 1251 speciem
1478 1198 1598 1238 simul

241 1259 458 1298 conciliare
494 1259 700 1311 ponimus,
732 1251 829 1296 huic
857 1259 1084 1296 sententiae
1119 1257 1221 1296 illud
1256 1257 1427 1298 mirifice
1455 1256 1597 1295 adver-

241 1320 378 1366 satur,
413 1317 519 1367 quod
559 1327 660 1365 quae
696 1327 837 1353 revera
868 1317 960 1353 sunt
991 1314 1132 1364 pulcra
1159 1325 1450 1365 saepenumero
1478 1313 1598 1352 aliter

240 1378 471 1425 comparata
499 1372 694 1411 videntur.
752 1371 844 1410 Huc
878 1371 1033 1409 accedit
1050 1400 1062 1418 ,
1092 1370 1200 1421 quod
1228 1371 1376 1409 veritas
1404 1382 1496 1409 cum
1527 1381 1598 1409 ex-

239 1434 357 1470 terna
387 1431 527 1482 specie
556 1441 684 1479 eaque
711 1428 817 1481 inani
837 1428 946 1466 nullo
966 1427 1086 1467 modo
1110 1429 1321 1466 coniuncta
1338 1439 1432 1466 esse
1445 1430 1597 1478 potest.

239 1486 302 1528 Ex
331 1489 474 1539 quibus
512 1487 694 1526 omnibus
733 1485 933 1536 efficitur,
968 1489 1015 1524 ut
1052 1480 1105 1527 τὸ
1142 1485 1313 1542 πρέπον
1351 1496 1433 1524 non
1469 1485 1600 1538 possit

238 1556 315 1600 pro
343 1547 433 1597 ipso
461 1545 603 1599 pulcro
633 1543 775 1583 haberi
796 1539 853 1596 *).
1394 1547 1396 1549 ’
1550 1573 1554 1576 ,

354 1603 551 1643 Nimirum
582 1601 704 1640 facile
733 1603 899 1651 apparet
926 1598 1136 1638 Socratem
1164 1601 1318 1651 arguta,
1349 1608 1452 1649 quae
1471 1597 1598 1638 vei-ho

282 1659 494 1701 (τίνεσθαι
530 1660 658 1707 inest,
696 1657 844 1709 dilogia
878 1657 1211 1696 interlocutorem
1250 1655 1291 1694 in
1323 1654 1508 1694 fraudem
1536 1655 1598 1695 in·-

269 1730 405 1757 ucere.
463 1715 580 1768 Quod
609 1728 731 1766 quum
764 1718 807 1755 et
832 1714 1051 1766 apparendi
1087 1713 1237 1751 habeat
1271 1712 1350 1752 vim
1388 1725 1436 1751 ac
1472 1712 1599 1764 signi-

239 1775 471 1814 ficationem
513 1777 556 1812 et
592 1773 644 1811 de
680 1773 785 1812 inani
822 1772 961 1824 specie
999 1771 1179 1818 dicatur,
1227 1769 1410 1821 sophista
1445 1770 1598 1811 varium

244 1832 332 1870 eius
358 1845 476 1872 usum
505 1831 665 1870 minime
703 1830 950 1881 distinguens
979 1828 1090 1866 nullo
1119 1827 1283 1878 negotio
1321 1826 1399 1866 sibi
1427 1838 1598 1878 persua·-

240 1888 331 1928 deri
360 1890 514 1941 patitur
541 1891 744 1927 externam
772 1887 852 1927 τοῦ
882 1886 1128 1941 πρέποντος
1157 1884 1336 1935 speciem
1364 1894 1445 1924 non
1473 1895 1600 1935 posse

242 1959 334 1985 cum
361 1948 452 1998 ipsa
479 1945 612 1998 pulcri
644 1945 683 1983 vi
720 1947 762 1982 et
799 1949 939 1982 natura
969 1941 1186 1983 conciliari.
1252 1939 1391 1990 Itaque
1433 1951 1481 1979 ex
1516 1940 1597 1979 hoc

240 2004 334 2056 ipso
363 2004 455 2042 loco
490 2003 686 2054 suspicari
724 2001 825 2043 licet
851 2000 1061 2039 Platonem
1098 1998 1139 2041 iu
1174 1997 1250 2036 hac
1291 1997 1491 2035 sententia
1525 2009 1594 2035 re-

239 2061 470 2113 darguenda
516 2072 596 2098 non
639 2060 696 2098 ita
742 2058 850 2098 serio
899 2055 1194 2104 elaboravisse‚
1254 2054 1436 2103 adeoque
1484 2066 1597 2103 suam

239 2119 369 2170 ipsius
402 2118 639 2157 sententiam
677 2117 757 2155 isto
789 2113 909 2155 modo
938 2112 1177 2165 prodidisse.
1234 2111 1373 2162 Atque·
1395 2110 1441 2149 id'
1465 2111 1598 2163 ipsum

241 2177 364 2214 etiam
403 2174 544 2214 exinde
583 2173 831 2226 colligimus,
880 2170 987 2222 quod
1025 2170 1189 2209 tertiam
1226 2168 1451 2207 sententiae
1485 2167 1595 2207 illius

228 2234 462 2281 rationem,
501 2243 577 2282 qua
613 2227 798 2282 pulcrum
834 2229 877 2267 in
911 2227 975 2280 τῷ
1011 2227 1226 2282 πρέποντι
1263 2225 1461 2264 contineri
1492 2224 1597 2263 sumi

240 2293 424 2340 poterat,
454 2288 613 2326 omnino
642 2300 722 2326 non
750 2286 910 2337 tetigit,
950 2283 1024 2324 sed
1051 2282 1244 2337 prudenti
1273 2282 1433 2323 silentio
1461 2284 1595 2320 trans-

231 2347 363 2388 misit.
394 2345 501 2383 conf.
531 2344 687 2384 Phileb.
718 2357 758 2395 p.
789 2343 856 2381 64.
887 2342 936 2381 E.

230 2411 233 2413 ·
353 2402 431 2444 His
462 2401 671 2452 explicatis
700 2401 769 2439 ubi
801 2399 993 2438 Socrates
1021 2396 1131 2436 videt
1160 2395 1384 2448 sophistam
1411 2405 1492 2433 non
1520 2393 1595 2433 ha-

239 2460 341 2502 bere
380 2458 580 2512 quomodo
617 2458 727 2496 illam
768 2457 1009 2495 sententiam
1049 2457 1234 2502 tueatur,
1283 2451 1595 2504 pulcritudinem

241 2517 439 2558 contineri
467 2514 553 2555 vult
580 2515 621 2553 in
649 2514 918 2561 utilitate,
949 2509 1266 2563 quandoquidem
1292 2507 1358 2557 id,
1387 2507 1494 2559 quod
1522 2508 1595 2563 ali-

243 2585 363 2625 quem
385 2571 666 2612 usum-habeat
694 2571 917 2622 afferatque
945 2570 1174 2615 utilitatem,
1201 2566 1321 2617 vulgo
1349 2578 1425 2616 pro
1450 2565 1595 2616 pulcro

241 2627 385 2672 haberi
414 2629 546 2670 soleat
564 2625 644 2681 **).
701 2628 816 2670 Utile
844 2630 978 2669 autem
1005 2624 1106 2669 illud
1133 2623 1231 2667 dicit
1258 2635 1377 2674 esse,
1407 2623 1471 2664 cui
1497 2621 1595 2664 insit

287 2755 332 2796 *)
378 2756 417 2787 ι’.
442 2755 520 2787 293.
546 2755 588 2785 ι).
611 2769 656 2778 --
679 2755 757 2786 294.
781 2754 824 2787 Ε.

268 2811 330 2854 1···)
377 2812 415 2847 Ρ.
442 2812 519 2846 295.
544 2813 583 2846 A.
609 2826 648 2836 -—
675 2811 717 2844 Ε.
