1670 2964
746 124 763 164 l
794 124 842 165 0.
1381 127 1467 167 279

44 242 51 248 '
93 252 206 292 nme,
235 244 282 280 ut
308 252 446 281 rerum
473 238 526 278 ad
555 236 860 291 philosophiam
889 238 1179 291 pertinentium
1220 239 1461 280 illustratio·

90 311 186 339 nem
222 311 315 338 eum
351 297 560 337 hominum
598 297 745 341 aetatis
786 308 885 338 suae
914 297 1234 348 reprehensione
1274 298 1339 336 vel
1367 299 1461 338 irri-

90 356 208 396 sione
244 358 481 404 connectat,
516 354 627 394 idem
667 354 790 394 etiam
818 354 859 393 in
890 352 988 394 lone
1019 355 1068 398 ab
1099 367 1150 393 eo
1180 354 1334 394 factum
1365 368 1460 395 esse

87 413 232 466 negari
256 425 339 459 ιιοιι
365 415 519 466 potest.
589 411 694 452 Nam
733 414 1019 464 praeterquam
1056 411 1165 464 quod
1193 412 1460 453 enthusiasmi

40 477 43 479 ’
86 471 198 510 illius
226 473 410 515 naturam
447 473 492 510 et
530 469 770 522 dignitatem
810 468 1085 518 adumbravit,
1122 470 1244 509 etiam
1282 470 1458 522 rhapso-

86 527 233 574 dorum
259 529 466 575 nationem
505 530 650 579 utpote
677 527 785 566 inani
826 527 1027 569 scientiae
1057 531 1100 566 et
1130 527 1341 567 doctrinae
1363 525 1458 581 ’opi-

85 586 208 625 nione
235 586 410 626 mirifice
436 585 616 631 inflatam
643 585 926 638 perstringere
960 588 1003 623 et
1018 585 1155 627 ridere
1174 585 1314 625 voluit.
1344 586 1457 636 Quo-

84 643 195 690 circa
230 643 382 696 duplex
419 656 517 683 sane
555 646 740 686 statuere
785 642 885 680 licet
931 641 1050 682 huius
1098 643 1192 682 libri
1240 643 1455 687 consilium

84 714 208 751 esse,
237 701 411 748 alterum
440 701 659 750 internum,
683 699 795 752 quod
825 699 875 738 ad
904 698 1056 740 suroris
1087 701 1166 739 vim
1197 704 1240 739 et
1268 705 1455 743 naturam

82 762 202 799 recte
229 759 520 799 aestimandam
548 759 752 810 pertinet3
780 757 958 796 alterum
975 763 1202 807 externum,
1234 759 1339 810 quod
1359 772 1452 798 cer-

81 817 194 857 nitur
229 816 273 856 in
308 817 608 869 rhapsodorum
636 819 759 868 atque
786 814 828 854 id
857 827 986 867 genus
1013 816 1219 862 hominum
1247 816 1450 860 irrisione.

81 874 320 942 Quanquam
355 878 574 925 utrumque
611 876 694 913 tam
732 876 846 911 arcto
881 873 1040 916 vinculo
1084 874 1318 926 colligatum
1369 878 1448 923 est,

25 940 27 942 ’
81 935 130 972 ut
154 932 220 972 vix
248 931 429 981 dixeris,-
444 936 580 971 utrum
599 932 737 984 potius
769 931 838 979 sit,
870 942 1004 984 neque
1032 931 1206 978 alterum
1235 931 1284 971 ab
1314 931 1448 971 altero
1484 971 1488 973 .

79 1001 303 1046 segregare
329 1002 377 1029 ac
407 989 604 1034 divellere
632 989 768 1030 liceat

195 1047 280 1087 Sed
307 1047 429 1089 altius
458 1059 528 1090 res
558 1046 781 1103 repetenda
811 1047 890 1094 est,
921 1047 965 1084 et
982 1043 1089 1097 quod
1109 1044 1291 1084 breviter
1319 1046 1444 1098 signi-

77 1104 284 1145 ficavimus
313 1107 662 1157 argumentorum
674 1104 825 1143 robore
849 1101 1226 1151 communiendum,
1266 1115 1318 1142 ne
1348 1117 1443 1143 sen-

77 1157 246 1202 tentiam
290 1166 474 1202 nostram
520 1162 808 1220 pronuntiasse
855 1161 993 1212 potius
1042 1173 1160 1211 quam
1206 1161 1444 1211 probavisse

75 1219 294 1266 videamur.
368 1219 491 1271 Quod
527 1215 698 1271 quidem
733 1219 790 1258 ita
829 1217 1055 1265 faciemus
1093 1221 1139 1257 ut
1177 1222 1272 1256 ante
1311 1220 1445 1259 omnia

74 1277 225 1319 dialo'
230 1278 384 1318 totius
413 1280 697 1330 argumentum
725 1277 773 1315 br
776 1276 905 1315 exiter
932 1288 1179 1319 enarremus.

11 1368 22 1378 „
227 1337 309 1384 acit
343 1335 469 1387 igitur
502 1334 621 1374 Plato
660 1335 702 1373 iu
736 1334 942 1386 principio
976 1333 1071 1372 libri
1114 1332 1326 1372 Socratem
1354 1333 1442 1374 loni

72 1391 261 1446 Ephesio
312 1396 619 1441 occurrentem,
676 1392 745 1443 qui
793 1391 842 1430 ab
887 1403 937 1436 eo
984 1391 1286 1442 interrogatus,
1333 1391 1442 1431 uude

11 1453 23 1486 J
71 1450 258 1491 Athenas
284 1451 463 1499 venerit,
491 1449 718 1506 respondet
747 1448 956 1500 Epidauro
986 1461 1032 1487 se
1060 1448 1181 1490 modo
1211 1448 1439 1498 advenisse,

72 1509 144 1556 ubi
188 1509 232 1557 in
275 1508 590 1565 Asclepieorum
640 1507 881 1553 celebritate
933 1506 1154 1550 certamine
1202 1518 1295 1545 cum
1347 1507 1438 1546 aliis

71 1565 289 1619 rhapsodis
306 1567 496 1612 instituto
527 1565 751 1618 praemium
781 1564 1064 1615 reportaverit.
1120 1563 1371 1610 Hominem
1359 1577 1437 1604 lam

9 1629 14 1632 ’
68 1623 235 1664 beatum
262 1623 391 1676 magis
420 1624 545 1670 etiam
572 1623 669 1662 beat
701 1620 916 1671 Socrates
947 1622 1015 1673 qui
1051 1621 1171 1660 solita
1193 1634 1286 1660 cum
1315 1622 1436 1667 urba-

68 1681 198 1722 nitate
234 1681 475 1734 rhapsodis·
491 1681 692 1733 insignem
729 1679 925 1731 quandam
962 1679 1169 1721 doctrinae
1219 1683 1262 1724 et
1300 1680 1435 1719 erudi—

68 1739 192 1780 tionis
219 1739 381 1787 laudem
409 1739 632 1791 impertiat.
698 1738 829 1788 Quam
868 1736 1030 1788 quidem
1065 1736 1226 1781 laudem
1261 1736 1435 1790 rhapso-

69 1788 148 1842 dus
174 1798 232 1844 ita
259 1797 339 1842 sibi
365 1796 563 1845 vindicat,
593 1798 638 1835 ut
668 1807 715 1834 se
744 1798 909 1851 praeter
937 1799 1101 1839 ceteros
1118 1794 1291 1838 Homeri
1319 1808 1434 1836 men-

67 1858 154 1903 tem
183 1856 427 1917 percepisse
453 1854 654 1907 glorietur
690 1849 865 1904 ideoque
900 1864 947 1890 se
986 1856 1190 1903 piomtum
1226 1857 1433 1903 paratum-

69 1925 149 1966 que
177 1910 439 1966 profiteatur
450 1911 501 1950 ad
527 1910 797 1958 exhibendum
825 1906 993 1959 aliquod
1015 1909 1138 1960 rhaps
1121 1909 1259 1956 odiae
1295 1911 1432 1966 speci-

68 1971 188 2018 men.'
244 1969 325 2010 Hic
365 1982 463 2017 vero
493 1968 689 2015 Socrates
718 1980 810 2011 eum
848 1968 1098 2021 interrogat
1139 1980 1234 2012 num
1263 1967 1315 2006 de
1343 1968 1431 2006 110-

67 2041 183 2077 mero
217 2031 396 2077 tantum,
438 2040 489 2066 an
528 2027 650 2065 etiam
691 2025 744 2071 de
772 2024 983 2072 Hesiodo,
1015 2024 1288 2073 Archilocho,
1327 2026 1431 2074 aliis,

67 2087 203 2139 possit
228 2090 312 2125 tam
339 2084 554 2138 praeclare
590 2083 740 2130 dicere.
810 2082 944 2134 Negat
983 2081 1054 2129 ille
1084 2081 1163 2127 hoc
1190 2095 1213 2121 a
1243 2095 1291 2127 se
1318 2095 1431 2123 com-

0 2148 3 2149 ’
66 2143 189 2192 mode
215 2144 311 2182 fieri
348 2143 499 2195 posse,
537 2141 722 2192 adeoque
757 2140 940 2191 reliquos
968 2143 1114 2192 poetas
1150 2144 1313 2191 praeter
1341 2140 1431 2187 Ho-

66 2214 223 2244 merum
263 2198 404 2247 0mues
442 2199 519 2243 sibi
558 2198 716 2251 frigere
750 2197 878 2237 videri
920 2197 1041 2242 dicit:
1089 2210 1314 2249 quanquam
1360 2198 1432 2238 ubi

15 2279 18 2283 ⁴
65 2258 273 2306 Homerus
325 2262 369 2297 et
403 2256 612 2304 Hesiodus
651 2259 795 2295 canant
833 2255 997 2303 eadem,
1046 2255 1102 2294 ibi
1151 2255 1230 2303 sibi
1274 2255 1431 2302 fatetur

65 2314 318 2364 declamandi
357 2315 410 2357 de
447 2319 626 2366 utroque
662 2313 901 2353 facultatem
928 2324 1009 2351 non
1037 2311 1199 2357 deesse.
1256 2312 1430 2360 Postea-

66 2386 186 2426 quam
223 2378 359 2419 autein
395 2372 467 2414 ille
505 2372 608 2418 haec
646 2370 698 2410 de
739 2383 786 2419 se
823 2370 1038 2410 coufessus
1089 2374 1180 2420 est,
1235 2370 1430 2416 Socrates

65 2431 344 2484 compluribus
375 2430 573 2482 exemplis
604 2441 653 2469 ex
681 2434 771 2478 arte
800 2428 956 2468 medica
985 2432 1029 2474 et
1057 2428 1314 2476 arithmetica
1351 2442 1431 2482 pe·-

65 2489 154 2536 titis
195 2489 472 2537 demonstrat,
511 2488 547 2527 si
576 2486 716 2539 plures
760 2486 812 2526 de
841 2485 987 2533 eodem
1013 2490 1252 2538 argumento
1280 2486 1430 2536 dicant,

67 2559 233 2598 semper
245 2559 368 2586 unum
393 2546 646 2597 cmidemque
667 2557 776 2594 esse,
807 2545 875 2596 qui
891 2547 934 2592 et
950 2541 1127 2583 bene‘et
1155 2545 1260 2591 male
1290 2545 1429 2590 dicen·-

66 2602 172 2651 tem=
191 2605 325 2658 possit
363 2602 598 2651 discernere
642 2608 686 2642 et
711 2602 905 2650 iudicare,
970 2601 1050 2658 Qui
1090 2603 1198 2649 enim
1227 2603 1325 2649 artis
1356 2602 1431 2647 ali->

67 2663 183 2708 cuius
198 2660 278 2707 ‘vel
315 2663 524 2708 doctrinae
557 2664 788 2709 accuratam
826 2659 1098 2712 cognitionem
1135 2660 1310 2714 adeptus
1362 2660 1431 2706 sit,

69 2731 163 2765 eum
199 2732 282 2768 ιιοιι
316 2721 438 2764 modo
478 2719 574 2772 quid
608 2723 727 2763 recte
763 2718 922 2764 dicatur
956 2729 1084 2770 posse
1117 2718 1321 2766 iudicare,
1358 2715 1433 2761 sed

70 2778 196 2826 etiam
225 2778 262 2818 si
292 2777 389 2829 quid
411 2790 534 2832 prave
561 2778 785 2830 inepteque
810 2779 1010 2817 statuatur
1039 2777 1196 2822 sentire
1227 2774 1434 2822 facillime.-

974 2924 1000 2964 ἶ.
