1670 2964
254 123 315 168 8⁰
767 123 1096 169 PLATONIS

257 241 521 283 contineri
557 237 929 281 similitudine.
993 242 1150 293 Quibus
1190 242 1336 284 auditis
1373 243 1495 297 Lysis
1535 238 1618 286 nou

255 300 415 340 dubitat
441 300 544 338 hanc
575 297 815 337 sententiam
843 298 1031 338 continuo
1061 301 1278 340 affirmare.
1337 301 1455 353 Quod
1479 307 1615 342 autem

257 357 450 398 Socrates
488 357 569 394 iam
606 357 723 392 antea
769 353 928 394 fecerat
976 368 1067 395 cum
1103 357 1357 408 Menexeno,
1408 363 1455 398 ut
1509 371 1615 410 enm,

255 416 417 467 quoties
448 411 543 463 quid
572 410 879 459 affirmavisset,
911 423 1072 464 semper
1100 415 1231 453 denuo
1261 416 1478 465 refutaret,
1505 417 1614 457 idem

254 485 359 512 nunc
400 483 490 508 cnm
521 467 672 519 Lyside
712 466 852 506 facere
891 468 1078 509 instituit.
1147 471 1366 523 Postquam
1404 460 1510 512 enim
1546 474 1613 513 hic

255 529 469 568 amicitiam
499 525 702 565 concessit
731 526 927 565 contineri
955 526 1239 578 similitudine,
1268 530 1344 569 hac
1374 529 1466 570 fere
1494 543 1613 582 argu-

255 585 504 626 mentatione
540 584 626 621 eius
661 584 902 621 sententiam
931 584 1150 635 impugnatt
1204 585 1282 627 Vix
1311 587 1473 626 dimidia
1505 601 1611 639 pars,

253 644 411 694 inquit,
450 640 570 680 huius
609 639 765 678 decreti
793 652 888 678 vera
919 653 1012 679 csse
1041 642 1212 681 videtur.
1270 643 1371 682 Nam
1401 645 1494 683 mali
1524 647 1611 695 qui-

253 701 348 739 dem
377 698 491 738 malis
522 709 601 748 quo
630 697 732 736 fiunt
759 699 1069 747 coniunctiores,
1101 711 1151 738 eo
1181 701 1308 751 magis
1338 701 1416 740 sibi
1444 702 1612 742 imit-em

251 757 403 797 inimici
432 755 684 803 redduntur,
715 766 836 804 quum
867 759 912 793 et
942 755 1103 795 laedant
1135 769 1228 796 sese
1257 761 1411 805 mutuo,
1441 761 1487 797 et
1515 759 1610 797 sibi-

251 819 340 855 met
378 814 480 865 ipsis
527 825 681 868 parum·
715 816 917 852 constent.
983 812 1046 852 Ex
1094 826 1174 864 quo
1219 815 1505 865 consequitur,
1558 819 1612 854 ut

250 870 464 912 nonnisi
502 871 645 909 inter
690 869 856 909 bonos
906 880 1030 910 vera
1077 872 1391 912 consistere
1435 873 1613 924 possit

250 929 486 969 amicitia
514 923 590 981 *).’

367 985 540 1026 Prorsus
586 995 677 1022 cum
722 980 787 1027 his
831 984 1071 1023 conveniunt
1118 996 1221 1035 quae
1261 983 1454 1024 Socrates
1506 983 1611 1036 apud

247 1041 656 1094 Xenophontem
681 1037 748 1093 **)
780 1038 982 1092 disputat,
1022 1053 1101 1090 quo
1130 1042 1222 1080 loco
1251 1043 1458 1094 improbos
1489 1040 1611 1082 docet

252 1102 404 1140 amicos
435 1111 528 1137 esse
567 1110 646 1136 non
686 1109 835 1148 posse,
876 1098 961 1136 sive
1001 1099 1079 1136 sibi
1116 1098 1311 1148 invicem,
1347 1100 1435 1139 sive
1473 1098 1609 1147 bonit-15

249 1159 355 1197 viam
383 1160 518 1195 autem
547 1155 739 1205 optimam
778 1155 927 1193 amicos
966 1156 1222 1206 comparandi
1263 1156 1367 1196 hanc
1405 1168 1524 1207 esse,
1563 1161 1610 1196 ut

249 1217 383 1267 primo
414 1214 502 1263 quis
532 1211 694 1250 studeat
722 1213 762 1250 in
791 1212 840 1249 iis
871 1212 999 1250 bonus
1033 1225 1140 1261 esse,
1169 1214 1210 1252 in
1240 1214 1383 1263 quibus
1412 1213 1506 1252 talis
1536 1226 1607 1251 cu·

252 1273 336 1323 piat
364 1270 503 1309 videri.
562 1268 649 1307 Nec
678 1268 727 1306 ab
757 1269 883 1318 ipsius
913 1267 1093 1307 Platonis
1131 1271 1332 1314 sententia
1358 1269 1463 1308 haec
1490 1282 1607 1309 rece-

251 1330 353 1368 dere
391 1327 554 1366 docebit
597 1325 784 1377 egregius
824 1325 939 1363 locus
979 1324 1157 1364 Phaedri
1193 1327 1240 1377 ΞΡ.
1281 1325 1378 1365 251.
1418 1326 1468 1365 A.
1505 1338 1608 1377 sqq„

253 1385 448 1437 imprimis
476 1396 516 1435 p.
544 1382 640 1422 252.
672 1382 717 1420 C.
747 1381 796 1419 D.
825 1380 890 1430 E„
921 1382 989 1431 qui
1016 1381 1158 1433 dignus
1190 1386 1268 1432 est,
1297 1386 1343 1422 ut
1370 1386 1482 1428 totus
1511 1395 1608 1422 con·

254 1444 435 1491 feratur,
473 1442 626 1492 pariter
655 1443 776 1489 atque
804 1438 876 1477 ille
908 1437 1034 1490 Legg.
1065 1438 1170 1479 VIII.
1207 1451 1246 1491 p.
1276 1440 1372 1478 837.
1402 1439 1451 1479 A.
1481 1439 1528 1478 B.
1561 1439 1606 1479 G.

253 1506 296 1540 et
326 1500 503 1551 Gorgiae
540 1510 580 1550 p.
609 1495 706 1535 510.
740 1496 786 1534 B.
824 1506 939 1546 sqq„
978 1496 1047 1534 ubi
1075 1496 1368 1536 nobilissimum
1398 1496 1607 1537 decretum

250 1559 479 1597 illustratur
501 1585 513 1603 ,
571 1553 679 1604 quod
730 1556 876 1604 postea
932 1554 1128 1604 temporis
1148 1583 1161 1600 .‚
1218 1557 1328 1592 teste
1382 1551 1606 1606 Diogen.

251 1614 420 1654 Laert.
449 1612 539 1661 VII,
569 1611 680 1660 124„
711 1611 832 1649 etiam
862 1609 990 1648 Stoici
1019 1610 1313 1659 defenderunt,
1341 1605 1423 1660 τὴν
1454 1611 1609 1666 φιλίαν

252 1675 299 1714 ἐν
326 1667 484 1726 μόνοις
511 1674 607 1716 τοῖς
638 1667 898 1714 σπουδαίοις
926 1664 1040 1707 εἶναι
1068 1663 1144 1707 διὰ
1171 1663 1252 1718 τὴν
1280 1662 1539 1720 ὁμοιότητα.

366 1727 450 1767 Sed
485 1737 707 1777 quanquam
743 1736 791 1762 ex
829 1723 894 1762 his
933 1725 1190 1775 perspicuum
1231 1727 1296 1763 est
1339 1723 1443 1763 hanc
1480 1725 1608 1775 ipsam

251 1786 493 1826 sententiam
531 1782 690 1822 Platoni
723 1781 990 1820 vehementer
1027 1782 1253 1832 placuisse,
1295 1785 1430 1819 tamen
1461 1780 1607 1820 Socra-

177 1829 182 1837 *
249 1849 336 1883 tem
363 1841 518 1882 inducit
545 1841 734 1890 deinceps
765 1839 822 1877 ita
850 1837 1134 1886 disserentem,
1163 1843 1210 1877 ut
1239 1851 1330 1876 eam
1359 1839 1606 1889 argumentis

249 1901 457 1941 subtiliter
495 1902 538 1936 et
580 1902 722 1948 argute
761 1896 998 1946 excogitatis
1027 1896 1067 1934 in
1096 1894 1386 1934 dubitationem
1423 1895 1603 1934 adducat.

249 1958 368 2008 Quod
404 1956 564 2008 quidem
602 1963 681 1993 non
715 1953 792 1990 alio
831 1952 998 1991 consilio
1039 1953 1089 1991 ab
1131 1965 1182 1991 eo
1218 1952 1372 1992 factum
1402 1956 1604 2003 putamus,

248 2017 327 2055 nisi
356 2019 402 2054 ut
430 2015 508 2052 hoc
534 2023 693 2062 quoque
722 2010 814 2048 loco
840 2009 1018 2047 vexando
1049 2009 1307 2057 ostenderet,
1337 2020 1455 2058 quam
1484 2007 1605 2047 facile

250 2077 365 2112 esset
404 2070 557 2122 argutis
597 2066 914 2106 cavillationibus
955 2066 1179 2118 simplicem
1217 2066 1396 2104 veritatis
1427 2066 1604 2116 speciem

248 2132 471 2169 obscurare
506 2131 627 2176 atque
665 2125 875 2178 obtegere.
933 2122 1124 2175 Disputat
1160 2124 1295 2162 autem
1335 2122 1526 2162 Socrates
1561 2123 1603 2161 in

247 2188 354 2226 hunc
383 2186 476 2224 fere
505 2183 678 2222 modum.
1595 2204 1597 2207 ,
1655 2204 1669 2220 e.

363 2244 491 2292 Quam
520 2240 639 2278 modo
670 2237 883 2289 amplexati
911 2236 1152 2276 sententiam
1182 2249 1344 2284 sumus,
1374 2231 1600 2274 eanfdiffi-

248 2300 412 2340 tendum
466 2293 543 2337 non
593 2299 658 2335 est
707 2296 790 2333 suis
839 2294 1072 2343 quibusdam
1112 2295 1242 2345 premi
1281 2291 1598 2341 difficultatibus.

248 2359 362 2408 Quae
391 2357 495 2395 enim
526 2355 603 2393 sibi
632 2352 739 2391 omni
769 2364 818 2390 ex
847 2355 963 2402 parte
985 2351 1130 2390 similia
1160 2354 1267 2400 sunt,
1296 2363 1344 2389 ea
1371 2348 1462 2387 fieri
1488 2347 1599 2387 nullo

247 2416 367 2454 modo
397 2416 536 2464 potest
563 2416 609 2450 ut
637 2412 775 2448 mutuo
805 2408 1085 2447 contineantur
1115 2420 1277 2456 amore,
1307 2405 1491 2458 quoniam
1521 2404 1599 2444 sibi

246 2473 347 2512 nihil
386 2471 472 2522 opis
513 2473 556 2507 et
595 2466 728 2506 auxilii
765 2465 933 2505 invicem
966 2465 1115 2503 afferre
1154 2467 1317 2515 queunt.
1383 2461 1466 2501 lam
1501 2474 1597 2500 vero

246 2531 373 2570 bonus
404 2541 450 2567 se
478 2527 565 2578 ipso
597 2526 810 2563 contentus
841 2526 907 2561 est
943 2526 1113 2575 propter
1138 2522 1181 2561 id
1207 2522 1360 2573 ipsum,
1397 2518 1505 2570 quod
1533 2523 1599 2559 est

292 2710 335 2751 *)
384 2711 419 2741 I‘s
445 2710 522 2741 213.
547 2707 587 2739 D.
615 2721 656 2728 ·-
688 2705 764 2735 214.
791 2705 834 2737 Ι).
870 2717 876 2721 ·

273 2776 334 2821 Μ’)
378 2780 481 2812 Mem.
508 2777 550 2808 n.
576 2785 605 2807 c.
630 2776 663 2805 6.
696 2774 727 2812 §-
754 2775 786 2805 5.
809 2775 843 2805 8.
