1670 2964
217 129 276 172 86.
731 129 1062 178 PLATONIS

222 240 274 292 ab
310 252 361 286 eo
396 242 580 295 exposita
619 245 737 292 sunt,
781 256 851 294 ea,
889 257 1110 298 quanquam
1141 244 1334 285 aliorsum
1372 244 1574 296 spectant,

223 303 358 347 tamen
389 300 438 338 ab
468 299 611 346 eadem
641 302 843 353 sententia
869 303 1074 354 proficisci
1104 303 1204 350 adeo
1219 307 1284 342 est
1300 301 1574 354 perspicuum,

224 358 272 405 ut
299 355 408 401 nulla
434 367 603 407 prorsus
634 369 758 408 egere
785 357 965 399 videatur
995 361 1349 402 demonstratione.

338 411 609 458 Nihilominus
639 418 776 454 autem
803 415 1072 468 philosophus
1104 417 1314 457 Socratem
1343 414 1446 456 fecit
1471 413 1576 453 hanc

224 469 356 524 ipsam
405 470 648 515 sententiam
696 470 827 518 denuo
881 471 1192 526 impugnantem.
1262 473 1577 519 Perturbatum

227 526 335 576 enim
371 526 407 565 is
437 525 787 578 adolescentulos,
828 529 908 577 iam
947 543 1086 570 verum
1121 531 1352 585 indagatum
1392 541 1485 570 esse
1524 541 1578 567 ne

227 583 482 634 suspicantes
517 585 702 638 quidem,
741 585 782 624 id
823 586 931 639 quod
966 587 1087 627 modo
1122 586 1316 639 posuerat
1352 586 1430 626 hac
1457 599 1578 654 argu-

225 641 475 690 mentatione
500 639 749 684 labefactare
778 644 966 683 instituit.
1023 644 1298 696 Proprium
1326 643 1410 691 sive
1438 638 1488 685 τὸ
1510 644 1580 683 οι-

228 702 371 748 κεῖον,
407 698 562 750 inquit
597 712 770 739 necesse
801 704 866 741 est
891 702 1079 754 utrinque
1110 701 1187 746 sibi
1216 700 1348 745 simile
1377 701 1443 744 sit.
1498 699 1578 738 Ita-

227 766 309 807 que
336 754 490 797 inutilis
516 754 655 807 futura
683 758 858 803 amicitia
888 762 974 808 est,
1004 759 1190 811 quoniam
1218 757 1323 806 alter
1341 756 1462 806 alteri
1481 756 1581 799 nihil

229 812 387 869 poterit
414 812 563 851 afferre
589 802 777 863 utilitatis
805 819 926 867 atque
956 815 1167 856 commodi.
1226 814 1296 855 Sin
1325 813 1536 867 proprium
1558 827 1582 852 a

230 865 355 908 simili
389 869 592 918 diversum
631 884 724 917 esse
761 875 983 922 statuatur,
1021 876 1158 916 tamen
1194 871 1376 913 futurum
1413 874 1498 919 est,
1537 875 1583 914 ut

228 925 360 966 bonus
389 926 510 976 bono,
540 928 668 974 malus
697 929 817 977 malo,
847 934 890 969 et
920 931 972 978 ei,
1002 931 1070 982 qui
1098 942 1174 968 nec
1201 929 1329 978 malus
1358 941 1435 971 nec
1453 928 1581 973 bonus

231 985 319 1032 est,
347 982 405 1031 is,
449 984 518 1035 qui
543 986 639 1028 item
672 999 695 1024 a
725 989 870 1034 neutra
898 991 1016 1038 parte
1044 990 1145 1034 stat
1173 989 1362 1038 tanquam
1391 984 1580 1037 proprius

231 1051 328 1090 esse
354 1040 589 1081 iudicandus
621 1043 685 1081 sit.
744 1042 805 1086 Ita
836 1048 971 1088 autem
1001 1043 1285 1095 consequitur,
1328 1042 1436 1094 quod
1464 1046 1582 1082 antea

229 1099 418 1149 tanquam
447 1091 633 1143 falsum'
623 1112 647 1139 a
676 1085 792 1145 nobis
823 1101 1077 1168 repudiatum
1107 1103 1196 1149 est,
1236 1103 1284 1139 ut
1318 1099 1491 1147 iniustus
1518 1099 1580 1147 Ξιι-

229 1153 339 1193 iusto
381 1158 425 1197 et
461 1155 588 1195 malus
635 1156 740 1201 malo
780 1170 862 1198 non
899 1160 1029 1202 minus
1069 1158 1219 1197 amicus
1259 1157 1394 1208 putari
1436 1157 1583 1202 debeat

231 1223 352 1263 quam
388 1210 519 1261 bonus
558 1213 677 1261 bono.
735 1213 919 1267 Denique
954 1217 989 1255 si
1028 1216 1115 1267 quis
1153 1215 1335 1262 bonum
1375 1216 1420 1254 et
1457 1227 1581 1267 pro·

232 1267 403 1319 prium
446 1282 567 1318 unum
605 1270 794 1324 idemque
840 1285 933 1314 esse
973 1272 1215 1321 arbitretur,
1258 1270 1418 1311 nonnisi
1452 1273 1582 1318 bonus

230 1323 338 1374 bono
370 1325 449 1375 erit
476 1327 650 1376 amicus,
680 1327 788 1380 quod
816 1329 916 1369 item
944 1333 1062 1376 antea
1089 1327 1352 1375 refutavimus
1370 1322 1433 1380 *).]

344 1380 402 1430 Et
427 1382 506 1422 hae
533 1384 694 1436 quidem
723 1384 991 1425 dubitationes
1021 1398 1143 1438 quum
1166 1396 1216 1423 ex
1232 1385 1282 1426 iis
1297 1413 1310 1433 ‚
1341 1396 1445 1437 quae
1462 1398 1585 1441 supra

231 1440 517 1491 exposuimus,
547 1440 670 1489 facile
696 1441 946 1495 intelligatur
975 1441 1177 1495 quomodo
1205 1440 1417 1490 diluendae
1446 1446 1489 1481 et
1516 1455 1583 1482 re-

231 1496 454 1539 movendae
483 1499 585 1547 sint,
623 1511 705 1546 non
734 1503 798 1538 est
823 1513 895 1547 cur
923 1513 1026 1544 nunc
1055 1498 1286 1551 singulatim
1313 1511 1336 1537 a
1363 1499 1479 1547 nobis
1513 1512 1582 1538 ex-

232 1553 472 1607 pendantur.
530 1554 618 1595 Nec
646 1569 743 1597 vero
772 1555 888 1597 Plato
915 1558 1007 1610 ipse
1035 1556 1159 1619 ullam
1198 1568 1335 1597 earum
1370 1568 1581 1599 removen-

231 1609 370 1660 darum
412 1612 515 1655 viam
553 1617 596 1651 et
631 1614 828 1663 rationem
868 1614 1146 1666 significaiitf
1164 1613 1350 1652 nimirum
1385 1614 1477 1665 quia
1514 1627 1582 1656 eas

231 1667 393 1715 videbat
422 1669 470 1708 ab
501 1670 572 1718 iis,
612 1672 679 1721 qui
719 1672 930 1724 superiora
966 1671 1195 1723 diligentius
1237 1665 1585 1721 examinavissent

232 1723 345 1767 facili
371 1727 535 1777 negotio
566 1731 765 1775 iemotum
794 1730 855 1767 iri.

346 1781 465 1821 Fecit
499 1784 603 1822 enim
635 1786 711 1833 iam
741 1789 912 1838 repente
941 1785 1197 1825 advenientes
1226 1783 1388 1835 Lysidis
1418 1787 1463 1823 et
1489 1783 1583 1824 Me-

231 1839 375 1887 nexeni
404 1839 682 1892 paedagogos,
713 1844 779 1896 qui
808 1856 927 1881 saevo
950 1844 1121 1894 imperio
1144 1841 1425 1881 adolescentes
1444 1843 1584 1882 iubent

232 1909 311 1934 una
340 1909 431 1934 cum
460 1898 560 1949 ipsis
591 1899 751 1948 domum
779 1901 942 1939 revelti.
999 1900 1060 1939 lta
1088 1900 1211 1952 igitur
1250 1899 1429 1938 sermoni
1463 1912 1582 1951 prae-

231 1955 299 1999 ter
329 1965 488 2003 omnem
519 1958 863 2007 exspectationem
895 1958 986 1996 finis
1013 1957 1244 2009 imponitur.
1303 1955 1494 1995 Socrates
1511 1970 1581 2000 au-

231 2008 317 2048 tem
346 2023 426 2050 non
456 2012 543 2050 sine
574 2027 617 2050 ιιι
620 2014 721 2052 uana
747 2015 934 2053 iriisione
959 2015 1238 2066 turpissimum
1267 2025 1360 2052 esse
1380 2012 1582 2062 admouet

231 2067 339 2118 quod
367 2067 507 2119 Lysis
546 2059 796 2110 Menexenus
837 2075 958 2123 atque
996 2073 1087 2124 ipse
1124 2083 1270 2119 senex,
1310 2083 1431 2121 quum
1467 2071 1584 2110 amici

233 2137 326 2166 esse
353 2126 501 2176 velint,
539 2131 673 2167 tamen
702 2129 743 2175 in
772 2141 851 2180 quo
879 2130 938 2167 vis
970 2132 1013 2167 et
1040 2132 1183 2175 natura
1210 2127 1412 2197 amicitiae
1441 2139 1581 2174 cerna-

230 2185 298 2229 tur
323 2182 443 2233 plane
471 2183 658 2234 ignorare
687 2185 895 2233 videantur
914 2182 994 2239 **).

342 2238 621 2280 Enmravimus
651 2243 847 2289 seimonis
875 2245 1155 2294 argumentum
1182 2243 1346 2294 paullo
1348 2233 1581 2295 copiosius,

230 2307 309 2346 quo
338 2295 497 2334 facilius
527 2300 856 2351 perspiceletur,
899 2299 992 2351 quid
1030 2299 1192 2344 tandem
1225 2299 1326 2339 illud
1364 2300 1438 2348 sit,
1475 2299 1580 2350 quod

230 2351 348 2390 Plato
381 2353 459 2402 hoe
488 2354 592 2393 libro
625 2356 837 2394 scribendo
869 2357 1039 2397 efficere
1067 2356 1253 2396 voluerit.
1311 2355 1470 2409 Duplex
1509 2369 1579 2395 au-

229 2412 313 2458 tem
343 2422 554 2452 censemus
584 2412 712 2452 fuisse
743 2415 830 2452 eius
862 2414 1072 2462 coxisilium
1103 2417 1145 2452 et
1166 2411 1432 2465 propositum,
1457 2426 1580 2465 quan-

229 2479 347 2521 quam
375 2470 590 2520 utrumque
619 2475 701 2514 tam
731 2474 843 2508 arcto
875 2471 1107 2522 colligatum
1139 2474 1203 2510 est
1230 2469 1408 2518 vinculo,
1441 2473 1487 2508 ut
1515 2473 1578 2508 to-

229 2524 311 2582 tius
342 2524 479 2576 operis
514 2527 643 2577 unitas
674 2541 720 2578 ac
751 2527 988 2579 simplicitas
1019 2527 1240 2580 admirabili
1270 2526 1452 2578 sollertia
1483 2539 1578 2574 con-

231 2636 497 2645 .—.--.-.—--—-.-

272 2715 306 2755 ν)
354 2717 388 2748 Ρ.
415 2719 492 2747 222.
519 2719 557 2750 A.
585 2734 624 2740 —
652 2720 690 2751 E.

256 2762 311 2803 υ)
359 2764 397 2796 1‘.
423 2766 500 2794 222.
527 2764 567 2795 Ε.
594 2774 700 2803 usque
725 2766 765 2796 ad
793 2768 903 2798 finem.
