1670 2964
244 118 332 158 sss
745 89 1087 159 ruroms

247 231 442 272 duximus.
501 231 671 272 Constat
700 231 807 271 enim
834 229 1046 273 Platonem
1076 245 1127 274 eo
1156 236 1388 302 tempore,
1404 244 1489 288 quo
1522 230 1599 275 So·-

249 290 351 328 crati
389 293 544 328 tantum
583 292 672 328 erat
716 289 852 328 odium
887 290 1124 341 conflatum,
1162 295 1209 332 ut
1239 292 1277 331 ei
1306 282 1462 331 iudicii
1468 292 1600 333 immi-

209 360 215 365 *
249 350 368 386 neret
406 345 656 399 periculum‚
704 346 935 398 complures
974 347 1153 400 dialogos
1210 348 1513 400 composuisse,
1558 349 1602 389 in

250 405 393 456 quibus
425 402 466 441 id
496 403 603 453 egit,
631 405 677 440 ut
703 403 780 442 nri
808 404 1051 443 sanctissimi
1078 404 1326 445 adversarios
1358 406 1401 445 in
1429 417 1479 445 eo
1508 406 1603 458 ipso

250 471 428 512 genere
467 457 508 496 in
551 470 628 510 quo
671 460 748 499 sibi
777 460 992 511 plurimum
1021 474 1175 512 sapere
1192 462 1451 511 videbantur,
1479 462 1602 502 insci-

249 518 332 556 tiae
366 519 412 554 -et
437 514 685 575 ignorantiae
716 521 967 568 coargueret.
1025 518 1128 557 Nam
1163 517 1500 571 Enthyphronem
1528 525 1604 558 no·-

250 574 379 612 vimus
408 571 458 611 ad
494 576 607 611 vates
645 573 894 624 ignorantiae
926 587 1062 613 rerum
1091 575 1603 627 gravissimaruma'convin-

252 629 403 669 cendos
433 642 528 667 esse
558 631 850 681 compositum,
879 634 926 669 ut
952 631 993 671 in
1023 643 1101 682 quo
1131 644 1202 670 eon
1230 643 1282 670 ne
1321 632 1491 684 pietati·
1515 633 1602 684 qui-

251 686 346 726 dem
380 686 586 726 notionem
622 689 766 726 tenere
803 687 1042 727 ostenditur.
1108 686 1151 727 In
1189 687 1370 727 Menone
1403 691 1536 728 autem
1565 688 1606 727 id

253 745 409 796 agitur,
448 745 495 781 ut
534 743 740 795 sophistas
780 757 826 783 ac
863 746 971 784 viros
1010 745 1146 789 civiles
1176 757 1256 784 non
1287 745 1456 784 scientia
1483 749 1606 797 atque

253 804 365 850 arte,
407 799 480 840 sed
523 813 647 839 coeco
688 802 862 853 quodam
900 802 1045 840 mentis
1081 802 1238 854 impetu
1267 805 1310 842 et
1338 806 1452 842 sorte
1479 802 1607 841 divina

255 858 348 897 duci
387 856 707 906 demonstretur,
734 858 852 910 ⁴qnod
890 858 1050 909 quidem
1083 859 1140 898 ita
1167 859 1239 908 fit,
1279 862 1326 898 ut
1363 859 1608 911 colloquium

256 927 306 954 ex
335 919 452 966 parte
472 927 572 953 cum
601 915 757 967 Anyt0,
791 915 969 954 Socratis
999 922 1255 965 accusatore,
1285 916 1496 956 habeatur.
1532 915 1606 956 Vi·-

256 971 399 1011 domus
436 972 562 1022 igitur
600 973 642 1011 in
678 972 760 1012 illis
792 973 1043 1012 sermonibus
1075 986 1166 1012 cum
1194 974 1372 1022 vatibus,
1397 973 1610 1026 sophistis,

256 1030 352 1068 viris
383 1029 565 1068 civilibus
610 1029 676 1080 agi
704 1029 911 1078 similiter,
961 1033 1081 1081 atque
1118 1031 1161 1069 in
1192 1029 1290 1069 Ione
1315 1041 1407 1070 cum
1435 1028 1610 1082 rhapso‘-
1668 1063 1670 1065 ,

257 1086 333 1126 dis.
400 1085 464 1125 De
502 1098 578 1138 qua
614 1099 661 1125 re
699 1086 882 1138 inprimis
910 1086 1024 1125 locus
1054 1085 1244 1126 Menonis
1273 1100 1314 1139 p.
1351 1086 1430 1127 99.‘
1456 1086 1509 1126 Ε.
1549 1086 1609 1125 di—
1664 1094 1667 1097 ‘

257 1156 361 1197 gnus
400 1148 465 1181 est
506 1143 575 1194 qui
621 1143 855 1199 conferatur
884 1143 1130 1195 diligentius.
1196 1144 1277 1183 Iam
1323 1155 1425 1182 vero
1450 1143 1617 1187 Socrati

259 1203 420 1240 constat
448 1203 615 1251 praeter
643 1200 867 1250 sophistasg
908 1200 1163 1249 sacerdotes,
1202 1206 1338 1250 vates}
1365 1201 1611 1240 w’ros'rem—

260 1257 463 1310 publicam
491 1260 733 1305 tractantes
752 1258 883 1295 etiam
913 1261 1125 1308 poetarum
1155 1258 1295 1309 vulgus
1331 1261 1374 1309 et
1407 1257 1450 1296 id
1479 1266 1613 1308 genus

260 1314 445 1355 homiues
474 1314 656 1353 inimicos
684 1313 939 1365 infestosque
970 1315 1198 1363 exstitisse
1227 1319 1273 1353 ut
1301 1315 1370 1365 qui
1397 1322 1522 1365 aegre
1549 1313 1615 1351 fe·-

262 1372 407 1412 rebant
438 1369 619 1410 Socratis
648 1370 845 1425 inscitiam
873 1371 973 1422 ipsis
1003 1371 1258 1423 exprobantis
1281 1370 1332 1409 de
1351 1382 1396 1409 se
1414 1369 1616 1411 iudicium.

263 1414 370 1480 Quid
396 1428 552 1479 igitur‘²
578 1440 711 1467 nonne
744 1432 809 1467 est
836 1427 1049 1467 admodum
1076 1428 1293 1467 verisimile
1310 1422 1532 1466 Platonem
1544 1427 1618 1466 illa

263 1488 514 1551 tempestate
555 1485 758 1537 explicare
794 1486 1018 1524 accuratius
1057 1490 1242 1524 conatum
1271 1497 1385 1534 esse,
1415 1483 1616 1536 quomodo

263 1538 343 1582 illa
371 1542 448 1581 viri
489 1542 777 1594 sapientissimi
814 1543 1014 1581 sententia
1060 1542 1291 1594 accipienda
1338 1545 1617 1592 essetvatque

264 1599 557 1651 intelligenda?
623 1599 683 1638 Ac
718 1598 909 1652 profecto
955 1599 1035 1638 hoc
1073 1599 1173 1638 illud
1210 1601 1348 1651 ipsum
1384 1602 1470 1647 est,
1509 1596 1618 1651 quod

265 1658 307 1697 in
352 1656 448 1695 Ione
486 1656 781 1708 rhapsodorum
821 1657 1005 1708 exemplo
1041 1656 1281 1695 declaratur.
1352 1654 1456 1695 Nam
1503 1655 1617 1708 ipsos

266 1718 411 1767 poetas
442 1715 650 1766 quominus
689 1714 862 1765 exempli
906 1713 997 1752 loco
1037 1716 1285 1765 proponeret
1333 1711 1619 1765 philosophus,

267 1772 370 1810 duae
398 1772 567 1809 maxime
594 1784 661 1810 res
691 1771 951 1823 prohibuisse
971 1770 1168 1809 videntur.
1224 1770 1360 1809 Primo
1391 1770 1499 1808 enim
1525 1769 1617 1820 ipse

268 1829 320 1868 dc
350 1828 485 1880 poetis
502 1857 514 1876 .,
555 1829 754 1880 germanis
780 1827 953 1880 ‘quidem
982 1831 1024 1866 et
1051 1829 1212 1866 nomine
1241 1839 1314 1867 suo
1343 1826 1494 1879 dignis,
1526 1834 1620 1864 sen·-

267 1886 397 1925 tiebat
424 1884 779 1934 honorificentius,
821 1896 937 1936 quam
965 1889 1011 1923 ut
1041 1897 1112 1924 eos
1142 1897 1232 1923 cum
1260 1884 1379 1935 vulgo
1409 1885 1622 1935 poetarum

270 1946 538 1994 compararet.
596 1943 756 1994 Quippe
785 1955 859 1980 nec
889 1942 1008 1980 animi
1035 1942 1146 1980 illam
1186 1941 1516 1999 concitationem,
1546 1950 1623 1991 qua

271 1997 543 2051 agitarentur,
581 2000 622 2038 in
651 2012 696 2037 se
733 1998 1053 2050 vilinendendam
1089 1998 1290 2046 iudicavit„
1315 2009 1391 2036 nec
1421 1988 1518 2037 artis
1551 2008 1619 2035 ra*

269 2058 423 2096 tionem
451 2058 500 2095 iis
532 2056 830 2095 abiudicandam
863 2056 1032 2104 censuit
1061 2068 1282 2107 quanquam
1308 2066 1445 2093 eariun
1473 2062 1624 2100 rerum,

273 2127 370 2166 quas
402 2114 442 2152 in
479 2114 677 2165 poematis
716 2115 798 2152 suis
829 2117 1121 2162 memorarent,
1164 2112 1374 2151 scientiam·
1397 2112 1438 2150 in
1466 2111 1516 2149 iis
1545 2120 1626 2148 non

271 2173 410 2211 inesse
443 2170 566 2209 facile
592 2171 784 2222 magistro
814 2170 981 2221 largitus
1013 2173 1088 2208 est.
1146 2168 1303 2208 Deinde
1323 2168 1514 2207 Socrates
1546 2165 1626 2205 etsi

274 2229 410 2280 ponetis
423 2240 508 2266 vel-1
519 2228 725 2267 sclennam
739 2228 954 2278 .e1·1p1ebat‚
974 2227 1134 2265 videtur
1153 2230 1289 2265 tamen
1303 2225 1396 2264 illos
1425 2224 1551 2275 magis
1582 2225 1626 2261 et

275 2285 459 2324 acerbius
498 2285 809 2336 perstrinxisse,
856 2284 922 2335 qui
952 2296 1071 2334 quum
1100 2287 1247 2334 poetae
1275 2294 1355 2321 non
1383 2284 1534 2328 essent,
1563 2282 1626 2318 ta—

275 2355 379 2387 men,
389 2354 527 2380 eorum
552 2343 736 2393 spiritum
761 2354 874 2379 more
900 2340 1196 2391 rhapsodorum
1214 2339 1467 2386 affectabant,
1487 2349 1627 2389 quem-

276 2398 488 2436 admodum
538 2411 641 2436 nunc
691 2410 849 2449 quoque
889 2397 1037 2436 multos
1065 2410 1158 2436 esse
1185 2397 1389 2444 videmus,
1424 2394 1492 2446 qui
1526 2404 1627 2445 quo-

244 2479 245 2483 =
277 2456 316 2494 ni
321 2469 381 2492 am
420 2468 585 2506 semper
620 2456 661 2493 in
698 2454 879 2506 legendis
915 2454 1217 2505 recitandisque
1242 2453 1376 2505 poetis
1403 2454 1628 2499 versantur,

278 2516 474 2564 protenus
505 2513 581 2551 sibi
610 2513 688 2563 ipsi
718 2516 863 2563 poetae
893 2512 1069 2550 erasisse
1098 2511 1308 2558 videntur,
1345 2520 1465 2559 quum
1493 2511 1629 2545 tamen

279 2582 419 2607 reiera
455 2581 478 2606 a
517 2568 730 2619 rhapsodis
765 2581 906 2620 parum
944 2572 1012 2607 aut
1051 2568 1152 2606 nihil
1191 2567 1389 2605 differam.-
1455 2563 1512 2602 Et
1538 2563 1630 2602 fieri

280 2638 375 2664 sane
405 2629 556 2676 potest,
596 2629 640 2663 ut
680 2626 799 2664 etiam
836 2624 1017 2663 Meletus
1048 2625 1089 2663 iu
1125 2625 1328 2663 hominum
1355 2622 1528 2660 istorum
1555 2632 1629 2658 nu·-

281 2695 394 2721 mero
413 2682 619 2720 habendus
642 2682 708 2729 sit,
740 2683 807 2731 qui
829 2685 941 2720 certe
964 2681 1252 2720 dubitari‘licet
1268 2692 1360 2718 num
1386 2678 1492 2722 ultra
1505 2676 1632 2716 infimi

285 2739 479 2791 rhapsodi
508 2739 744 2791 dignitatem
781 2739 950 2779 multum
984 2738 1262 2791 prominuerit.
1330 2736 1470 2788 ltaque
1516 2733 1633 2773 Plato
