1670 2964
740 122 873 163 los
943 123 951 132 '
1385 119 1471 160 287

99 236 278 288 lubrica,
315 237 584 280 incedendum
624 243 714 289 est,
752 244 889 280 tamen
929 238 1025 291 quid
1066 239 1182 279 nobis
1216 239 1256 278 in
1286 243 1467 280 mentem

97 297 281 346 venerit,
310 296 496 348 quoniam
527 296 865 349 ad‘praesentem
894 298 1103 337 materiam
1131 298 1329 350 pertinet,
1370 299 1466 338 bre-

92 353 204 394 -viter
243 366 449 406 exponere
491 355 612 394 iuvat.
680 355 821 407 Itaque
864 356 1002 395 fateor
1039 368 1106 394 me
1146 356 1187 395 in
1218 368 1306 395 eam
1337 355 1467 395 dedu-

97 415 210 451 ctum
238 413 512 452 coniecturam
542 425 650 462 esse,
679 418 726 453 ut
754 413 892 453 Ionem
923 427 945 468 a
974 412 1143 452 Platone
1173 414 1251 453 iam
1281 426 1331 452 eo
1361 419 1467 453 tem-

98 481 201 520 pore
222 470 435 520 >scriptum
474 471 724 520 existimem,
762 484 842 522 quo
879 470 1072 510 Socrates
1125 471 1256 510 adhuc
1294 473 1467 521 vivebat,

99 526 271 578 eiusque
308 527 508 566 rationem
547 532 591 567 et
627 528 879 580 disciplinam
910 528 1028 567 Plato
1059 530 1231 568 maxime
1266 531 1467 580 sequeba-

96 587 178 623 tur.
247 583 366 634 Quod
401 597 474 624 cur
501 585 560 625 ita
597 589 842 635 statuamus,
882 586 1022 638 plures
1052 586 1207 626 habere
1237 599 1377 627 causas
1407 589 1468 627 vi·-

97 640 242 680 demur
283 643 382 681 satis
420 642 601 682 idoneas.
670 643 850 683 Primum
894 645 999 682 enim
1039 644 1140 682 nihil
1182 645 1223 684 in
1251 645 1332 684 hoc
1360 646 1468 685 libro

96 699 326 750 reperitur,
366 699 474 751 quod
515 700 723 741 doctrinae
753 701 801 739 ad
830 702 1021 740 maiorem
1054 700 1247 755 quandam
1278 704 1468 755 amplitu-

95 755 233 795 dinem
264 760 307 795 et
335 756 633 808 perfectionem
664 759 918 808 elaboratae,
957 759 1116 811 qualem
1144 760 1185 800 in
1215 761 1303 800 aliis
1333 761 1467 812 philo-

96 813 218 865 sophi
256 814 449 867 operibus
491 815 680 855 traditam
709 817 958 867 reperimus,
989 817 1054 855 vel
1084 817 1332 858 levissimum
1363 820 1466 859 indi-

95 870 203 910 cium
232 869 381 911 faciat:
422 873 504 911 imo
536 874 668 912 omnia
696 873 800 912 adeo
830 878 925 913 sunt
951 874 1091 925 plana,
1120 875 1222 914 adeo
1255 878 1468 929 simplicia,

96 927 200 967 adeo
231 941 281 967 ex
318 929 405 981 ipsa
444 930 551 969 vitae
589 932 811 970 communis
841 932 1125 985 observatione
1155 933 1390 985 depromta,
1421 940 1469 975 ut

95 984 331 1026 Socraticae
366 987 602 1039 disciplinae
635 989 839 1028 alumnum
879 989 999 1040 plane
1024 990 1207 1030 decenne
1267 992 1370 1032 Nam
1400 994 1466 1032 vel

95 1042 165 1083 illa
192 1044 296 1096 ipsa,
325 1057 428 1096 quae
457 1045 510 1084 de
530 1045 673 1085 furore
691 1050 905 1097 poetarum
926 1051 969 1085 et
996 1047 1297 1099 rhapsodorum
1326 1050 1466 1102 dispu-

95 1103 256 1151 tantur,-
291 1102 356 1141 vix
394 1102 503 1142 ultra
539 1115 774 1143 communes
811 1108 994 1143 veterum
1025 1104 1276 1146 Graecorum
1307 1109 1466 1159 opinio-

93 1169 168 1199 nes
182 1163 418 1211 exsurgunt,
437 1163 671 1212 tantamque
689 1161 843 1201 habent
862 1174 952 1200 cum
972 1162 1098 1214 ipsius
1112 1164 1292 1204 Socratis
1315 1166 1367 1205 de
1386 1167 1467 1206 hac

93 1228 142 1256 re
175 1215 337 1268 placitis
375 1230 423 1256 ac
459 1217 639 1258 decretis
680 1220 1028 1268 coniunctionem,
1082 1225 1128 1260 ut
1176 1227 1332 1263 tantum
1383 1238 1466 1265 non

93 1273 238 1313 eadem
275 1286 371 1314 esse
409 1275 632 1315 videantur.
703 1277 903 1327 Quocirca
949 1277 1049 1316 mihi
1097 1291 1296 1331 nunquam
1346 1284 1464 1334 potui

91 1330 345 1383 persuadere
371 1344 509 1372 veram
539 1344 635 1372 esse
674 1332 1082 1373 Schleiermach
1095 1338 1170 1375 eri
1202 1342 1461 1391 sententiam,

88 1389 163 1441 qui
190 1388 331 1429 Ionem
360 1391 520 1430 censuit
547 1390 734 1430 Phaedro
762 1396 952 1444 tanquam
989 1394 1254 1444 appendicem
1295 1398 1360 1437 vel
1389 1412 1462 1438 cu-

90 1446 248 1486 mulum
277 1446 453 1497 aliquem
481 1449 722 1488 accessisse.
779 1446 872 1488 Hoc
901 1450 1007 1489 enim
1039 1452 1073 1490 si
1101 1453 1158 1491 ita
1187 1458 1314 1504 esset,
1346 1458 1461 1508 equi-

89 1503 196 1544 dem-
212 1516 295 1544 non
324 1503 488 1555 dubito,
521 1507 616 1558 quin
644 1506 751 1546 Ionis
780 1512 1062 1559 argumentum
1098 1510 1226 1550 multo
1259 1517 1302 1552 et
1331 1516 1462 1554 subti-

90 1560 171 1601 lius
200 1565 245 1601 et
273 1563 478 1613 copiosius
508 1563 751 1616 explicatum
780 1565 1034 1617 legeremus,
1065 1567 1251 1619 adeoque
1281 1571 1337 1610 ita
1364 1573 1460 1612 illu-

90 1622 291 1668 stratum,
319 1623 367 1659 ut
394 1617 572 1660 Phaedri
599 1621 908 1674 diligentissima
922 1625 1026 1663 ratio
1046 1625 1281 1667 haberetur.
1340 1630 1462 1681 Quod

88 1673 196 1735 nuno
237 1676 401 1730 quidem
439 1691 559 1718 secus
600 1679 748 1730 habet,
788 1681 1107 1733 quandoquidem
1138 1697 1190 1723 ne
1219 1699 1341 1726 unum
1371 1690 1460 1740 qui-
1504 1705 1506 1707 ·

89 1733 184 1774 dem
233 1733 321 1775 eius
365 1736 428 1775 rei
474 1737 716 1789 vestigium,
769 1739 876 1790 quod
925 1740 1087 1791 quidem
1126 1748 1285 1784 certum
1329 1750 1458 1796 esset,

90 1791 254 1832 ostendi
275 1792 341 1832 vel
371 1793 644 1834 demonstrari
672 1797 817 1847 potuit.v
887 1797 1006 1847 Quod
1033 1811 1131 1838 vero
1164 1813 1213 1839 ex
1241 1803 1332 1854 ipso
1361 1804 1459 1845 libri

43 1846 45 1848 ’
90 1854 333 1902 argumento
367 1851 508 1904 colligi
542 1852 672 1892 licere
708 1853 975 1904 arbitramur,
1015 1855 1123 1896 idem
1163 1859 1285 1899 etiam
1322 1862 1456 1902 disse-

89 1906 208 1962 rendi
245 1907 380 1948 forma
416 1912 539 1962 atque
578 1910 738 1950 ratione
779 1912 1052 1952 confirmatur.
1122 1914 1299 1957 Tantum
1347 1922 1455 1961 enim

86 1965 229 2015 abest,
266 1968 314 2004 ut
349 1966 519 2007 eandem
556 1968 597 2007 in
628 1981 678 2007 eo
708 1969 808 2008 artis
841 1972 1127 2021 praestantiam
1157 1978 1200 2012 et
1228 1976 1458 2027 perfectio—

88 2035 209 2072 nem,
247 2035 368 2074 quam
396 2025 440 2064 iu
467 2024 640 2078 dialogis
669 2027 890 2066 maturiore
918 2032 1055 2068 aetate
1086 2032 1248 2083 scriptis
1279 2036 1458 2075 animad-

87 2084 315 2131 vertamus,
354 2085 402 2121 ut
439 2083 572 2122 omnia
609 2084 780 2122 nativam
810 2085 1006 2135 quandam
1042 2088 1227 2130 referant
1260 2093 1458 2145 simplici-

88 2141 240 2187 tatem,
270 2151 374 2190 quae
410 2151 544 2191 prope
581 2140 632 2180 ad
661 2140 909 2182 Socraticam
936 2143 1162 2186 disserendi
1187 2150 1386 2191 rationem
1415 2153 1457 2193 in

87 2194 376 2247 Xenophontis
396 2195 733 2237 Memorabilibus
753 2211 990 2251 expressam
1019 2204 1217 2245 accedere
1244 2208 1457 2251 iudicanda

88 2258 168 2292 ent.
227 2253 463 2305 Quanquam
498 2255 662 2307 lepidus
691 2256 762 2294 ille
800 2258 840 2296 in
869 2261 1066 2310 magnetis
1099 2266 1142 2301 et
1170 2265 1290 2304 animi
1318 2269 1456 2308 conci-

88 2310 254 2350 tationis
297 2311 560 2351 similitudine
597 2313 711 2352 lusus
749 2315 829 2353 iam
865 2329 955 2355 eam
985 2317 1183 2360 Platonici
1208 2323 1358 2375 ingenii
1384 2338 1456 2364 co-

68 2369 197 2421 ·piam
227 2371 271 2407 et
298 2369 528 2408 ubertatem
560 2371 713 2422 arguit,
744 2385 861 2423 quam
891 2374 931 2412 in
962 2377 1153 2426 operibus
1178 2376 1323 2430 postea
1351 2384 1454 2423 scri—

86 2426 174 2478 ptis
212 2425 360 2465 clarius
400 2439 573 2466 cernere
608 2428 719 2467 licet.
778 2429 934 2478 Verum
966 2446 1067 2483 quae
1097 2435 1227 2476 adhuc
1252 2438 1303 2478 de
1332 2454 1454 2493 argu·-

87 2486 226 2523 mento
260 2487 304 2522 et
331 2483 466 2523 forma
497 2486 634 2536 operis
665 2485 833 2526 diximus
864 2501 1087 2542 quanquam
1108 2495 1327 2536 verisimile
1356 2499 1453 2538 red-

87 2540 190 2581 dunt
223 2540 427 2593 dialogum
468 2554 491 2580 a
518 2542 689 2582 Platone
721 2556 770 2582 eo
802 2549 989 2597 tempore
1017 2548 1147 2590 literis
1174 2555 1451 2606 consignatum

89 2610 209 2646 esse,
251 2611 332 2650 quo
373 2598 621 2639 Socraticam
661 2602 860 2641 rationem
901 2617 948 2643 ac
987 2605 1238 2659 disciplinam
1273 2613 1454 2654 fideliter

89 2655 343 2705 sectabatur,
374 2660 510 2697 tamen
540 2671 633 2697 eum
661 2658 832 2698 Socrate
861 2660 992 2701 adhuc
1021 2665 1108 2703 vivo
1138 2669 1335 2720 scriptum
1355 2685 1450 2712 csse

87 2714 254 2754 minime
289 2715 489 2754 evincunt.
558 2715 651 2755 IIoc
685 2717 819 2768 ipsum
857 2722 993 2759 autem
1036 2724 1162 2763 tertio
1210 2730 1450 2778 argumento

87 2770 299 2825 probabile
333 2772 541 2824 redditur,
577 2774 629 2815 de
672 2786 752 2827 quo
792 2787 897 2816 nunc
935 2778 1140 2832 explicare
1176 2785 1351 2827 animum
1389 2791 1450 2833 in-
