1670 2964
1110 101 1133 110 ς

494 152 770 196 HIPPIAS
809 151 1039 195 MAIOR.
1379 150 1465 198 1553

85 271 442 321 huic-sentcntiae
470 269 567 322 quid
597 274 788 322 opponat.
836 269 978 322 Itaque
1007 265 1347 318 aliam-continuo
1369 276 1474 316 [πο-ῃ

84 330 230 371 ferens
260 330 333 375 rei.
351 329 631 369 definitionem
670 329 855 380 pulcrum
896 329 938 367 in
980 339 1030 366 eo
1073 327 1253 379 positum
1292 323 1466 374 arbitra-

82 392 175 438 tur,
207 390 262 427 ut
292 387 410 440 quis
437 386 653 426 fruatur
683 398 943 439 prospera
970 383 1310 431 valetudine,
1352 381 1466 432 opi-

56 446 180 486 'bus
221 444 529 492 aodivitiis
568 444 826 495 abundet,
881 443 1126 484 omnibus
1177 440 1468 481 afficiatur

83 503 406 551 honoribus,
467 502 783 554 parentibus
851 500 1165 540 honorifice
1234 497 1467 550 sepultis

84 561 203 612 ipse
249 559 311 600 ad
348 560 559 605 beatam
597 559 875 611 perveniat
916 561 1276 606 senectutem,
1325 554 1472 602 den-ir

86 629 182 670 que
219 621 453 659 mortuus
497 631 520 656 a
558 617 701 656 filiis
752 618 841 669 pie
895 620 944 656 et
990 615 1278 668 magnifice
1317 625 1469 664 sepe-

85 675 265 722 liatur.
316 675 478 728 >Quibus
509 675 655 714 auditis
687 675 880 714 Socrates
912 687 1034 725 quum
1058 675 1210 713 urbana
1240 685 1332 714 cum
1375 671 1475 725 irri-·

5 748 11 761 ⁴
88 733 204 778 sione
234 733 416 775 fateatur
444 732 547 772 hanc
578 733 804 772 orationem
836 745 934 772 sane
963 731 1217 784 splendidam
1246 729 1379 769 videri
1407 732 1473 781 *²¹³7

89 803 170 844 que
199 791 435 840 sublimem,
475 787 614 831 tamen
643 803 732 830 eam
761 791 892 841 ipsam
924 791 1076 830 iudicat
1104 790 1152 828 ab
1184 789 1255 827 illo
1286 788 1470 839 disputa-

88 853 184 888 tore
220 850 372 889 misere
407 853 593 888 vexatum
632 848 695 888 iri.
765 847 913 900 Neque
953 849 1060 887 enim
1088 847 1192 886 hanc
1223 846 1355 898 pulcri
1397 844 1470 884 de.-

88 905 316 956 finitionem
354 907 453 946 satis
492 905 577 945 late
615 908 760 957 patere
799 910 869 944 aut
898 907 940 946 in
969 918 1110 945 omnes
1140 905 1382 954 con-venire:
1422 913 1473 942 ex

89 975 171 1016 quo
215 963 410 1015 consequi
449 963 704 1011 certissime,
748 966 795 1002 ut
836 964 964 1015 ipsius
1002 950 1286 1015 pulcritudinis
1326 963 1473 1006 natura

89 1019 266 1068 nondum
296 1019 505 1074 patefacta
534 1033 630 1060 esse
657 1020 828 1060 iudicari
854 1021 1002 1060 debeat
1021 1017 1078 1074 *).

204 1079 391 1131 Apparet
416 1079 545 1131 igitur
573 1091 623 1118 ex
657 1078 723 1118 his
761 1078 988 1118 clarissime
1018 1078 1246 1131 sophistam
1274 1077 1316 1115 in
1344 1075 1473 1124 rebus

92 1137 264 1189 singulis
294 1140 416 1189 atque
447 1137 522 1176 sub
549 1149 693 1176 sensus
724 1137 918 1176 subiectis
945 1138 1238 1185 subsistentem
1259 1133 1310 1173 ad
1338 1134 1470 1187 infor-

91 1194 566 1247 mandassgeneraliores
585 1195 774 1233 notiones
798 1207 879 1234 non
907 1196 1183 1235 assuefactum
1206 1206 1299 1233 esse
1320 1193 1474 1239 omnis-5

94 1265 176 1305 que
229 1251 452 1298 definiendi
501 1251 715 1291 sollertiae
772 1257 999 1304 expertem.
1079 1252 1222 1305 Itaque
1277 1250 1473 1301 Socrates

94 1313 363 1364 posteaquam
403 1309 599 1350 absurdas
639 1310 726 1362 eius
770 1311 1046 1362 ridiculasque
1081 1312 1292 1362 opiniones
1326 1308 1474 1360 consu-3

95 1369 221 1417 tavit,
257 1369 350 1422 ipse
378 1368 497 1408 inse
526 1367 700 1420 suscipit
729 1370 858 1408 totius
889 1369 1176 1422 disputationis
1217 1368 1345 1407 veluti
1383 1378 1473 1406 mo-

97 1426 314 1475 deramen,
360 1425 572 1476 variasque
618 1425 751 1478 pulcri
797 1429 993 1479 proponit
1042 1427 1324 1474 definitiones,
1374 1437 1475 1477 quas

97 1488 237 1531 tamen
271 1497 299 1530 a
333 1483 522 1536 sophista
549 1496 722 1531 assensu
753 1497 827 1524 suo
870 1486 1155 1537 comprobatas
1195 1483 1343 1523 deinde
1381 1495 1475 1522 rur-
1555 1487 1559 1493 “

99 1555 170 1582 sus
198 1544 318 1581 vexat
347 1546 391 1580 et
418 1541 596 1580 incertas
627 1540 780 1591 reddit,
811 1541 940 1582 donec
969 1543 1038 1582 hic
1066 1544 1131 1583 rei
1163 1542 1328 1582 fastidio
1355 1553 1478 1591 occu-

99 1603 221 1653 patus
253 1611 486 1645 sermonem
522 1611 604 1639 non
642 1600 730 1639 sine
763 1613 864 1640 vana
891 1602 1115 1654 sapientiae
1152 1613 1250 1641 suae
1287 1599 1482 1639 iactantia

99 1658 306 1709 abrumpit
340 1660 384 1697 et
422 1657 463 1696 in
499 1656 643 1697 ¹medio
679 1657 885 1711 relinquit.
944 1659 1034 1709 Qua
1058 1672 1118 1704 ‚ex
1155 1671 1202 1699 re
1232 1659 1332 1698 satis
1362 1660 1481 1704 certo

101 1715 313 1768 colligitur
358 1714 572 1754 Platonem
629 1719 798 1768 praeter
844 1716 1026 1769 Hippiae
1076 1718 1316 1765 irrisionem
1355 1716 1482 1765 etiam

101 1772 214 1817 aliud
250 1773 349 1824 quid
384 1773 428 1813 in
462 1772 544 1811 hoc
562 1771 684 1816 *libro
722 1775 938 1814 scribendo
977 1776 1242 1827 spectavisse.
1313 1773 1482 1824 Etenim

103 1830 328 1872 ostendere
369 1830 644 1884 philosophus
693 1831 801 1871 haud
843 1832 967 1872 dubie
1002 1833 1106 1873 illud
1143 1845 1305 1886 quoque
1343 1832 1487 1880 voluit,

103 1901 186 1940 qua
213 1890 278 1928 via
305 1888 356 1928 ad
385 1888 601 1928 meliorem
637 1889 920 1941 pulcritudinis
962 1892 1149 1931 notitiam
1179 1889 1490 1942 comparandam

106 1950 226 1988 esset
251 1946 544 1996 incedendum,
582 1950 626 1986 et
655 1959 850 1998 quaenam
879 1950 1068 1989 notiones
1105 1949 1171 1988 vel
1211 1947 1490 1988 secernendae

106 2005 174 2044 vel
195 2004 480 2057 respiciendae
509 2008 664 2053 essent,
694 2006 731 2044 si
761 2008 850 2056 quis
880 2008 922 2046 in
953 2019 1001 2046 ea
1023 2020 1071 2046 re
1101 2007 1336 2059 explicanda
1361 2004 1489 2044 vellet

107 2075 202 2102 cum
236 2062 377 2102 fructu
412 2061 638 2101 elaborare.
706 2062 827 2103 Fecit
865 2069 1002 2104 autem
1040 2064 1122 2104 hoc
1161 2077 1213 2105 eo
1253 2064 1400 2113 modo,
1441 2063 1492 2102 ut

109 2112 295 2160 Socratis
322 2120 400 2159 hac
429 2118 483 2159 de
511 2132 560 2158 re
587 2119 749 2172 placitis
768 2135 868 2162 usus
899 2135 993 2162 esse
1022 2122 1232 2162 videatur.
1263 2133 1491 2175 quanquam
1530 2171 1533 2174 ¹

108 2177 293 2218 fortasse
330 2178 453 2218 etiam
492 2176 595 2217 alios
633 2176 868 2219 Socraticos
908 2181 961 2220 ob
1002 2181 1145 2221 oculos
1182 2180 1338 2221 habuit.
1406 2177 1491 2218 Sed

109 2235 326 2277 redeamus
367 2235 420 2275 ad
457 2234 608 2288 dialogi
646 2238 965 2287 enarrationem,
1013 2238 1055 2278 in
1109 2251 1187 2291 qua
1233 2236 1428 2291 quidquid
1444 2248 1492 2286 ,ve

112 2293 325 2335 Socratico
355 2293 474 2334 fonte
501 2293 692 2334 haustum
720 2295 881 2334 videtur
908 2308 983 2336 suo
1011 2295 1106 2335 loco
1134 2298 1378 2342 notabimus.

188 2363 198 2375 ·
227 2351 372 2404 Itaque
401 2350 612 2399 Socrates,
642 2353 906 2393 acerbissime
935 2354 1102 2406 explosa
1119 2354 1298 2407 Hippiae
1324 2354 1488 2403 inertia,

113 2422 235 2462 quam
263 2413 401 2450 tamen
429 2422 523 2448 cum
550 2409 702 2450 urbana
731 2411 901 2463 quadam
930 2415 974 2452 et
1001 2411 1139 2453 faceta
1167 2412 1492 2453 dissimulatione

115 2469 239 2509 etiam
268 2468 349 2508 sibi
375 2468 455 2521 ipsi
484 2468 692 2517 attribuit,
732 2468 938 2510 hominem
974 2469 1090 2511 illum
1117 2470 1369 2524 incognitum
1396 2483 1491 2510 nar-

107 2529 182 2566 *rat
207 2525 379 2566 subinde
399 2525 679 2566 misericordia
708 2531 954 2568 commotum
982 2539 1096 2569 suam
1123 2530 1284 2570 consilii
1311 2529 1491 2580 inopiam

115 2584 176 2623 ita
201 2583 362 2633 levare,
400 2587 448 2624 ut
474 2584 554 2625 sibi
582 2583 788 2636 significet
817 2597 864 2626 ac
891 2586 1018 2627 veluti
1045 2592 1261 2640 suggerat,
1298 2588 1396 2640 quid
1435 2588 1494 2627 sit

117 2640 456 2695 respondendum.
514 2641 649 2684 Huius
685 2644 811 2698 igitur
836 2655 995 2689 morem
1023 2658 1072 2689 se
1098 2646 1178 2690 iam
1205 2647 1358 2691 imitari
1384 2645 1494 2688 velle

165 2826 212 2869 ἰ’)
258 2828 298 2861 v.
323 2830 403 2864 289.
426 2831 469 2861 n.
495 2845 536 2854 -
562 2831 640 2864 293.
665 2830 709 2862 n.
