1670 2964
503 135 773 178 HIPPIAS
815 133 1045 178 MAIOR.
1382 134 1467 176 150

81 251 190 292 stula
219 250 417 304 quaedam
444 252 573 294 totius
606 250 868 302 eruditionis3
906 250 983 292 sed
1019 249 1095 292 viri
1128 261 1228 291 vere
1267 250 1463 303 sapientis

81 313 126 350 'et
169 309 319 349 eruditi
355 314 423 351 est
461 314 607 350 cuncta
646 312 770 361 atque
806 310 997 350 universa
1036 321 1118 349 uno
1157 309 1273 361 quasi
1311 311 1462 350 mentis

3 398 12 402 -
81 367 227 407 obtutu
254 379 379 419 posse
408 368 607 407 contueri.
666 367 828 419 Quippe
864 367 964 406 illud
992 366 1154 406 demum
1184 369 1255 406 est
1277 367 1462 418 pulcrum

77 424 266 476 quiddam
308 428 432 476 atque
473 437 683 477 magnum,
720 429 766 464 ut
806 426 895 476 quis
933 426 975 464 in
1014 425 1188 474 iudicio,
1223 424 1264 462 in
1303 428 1463 473 senatu,

79 481 254 532 denique
282 482 326 521 in
354 483 539 522 omnibus
571 483 836 522 conventibus
865 482 1038 535 publicis
1066 483 1125 522 ita
1143 482 1276 534 possit
1305 480 1460 530 dicere,

77 543 125 579 ut
152 538 407 579 audientibus
437 552 701 591 quaecunque
739 541 839 579 velit
876 541 1036 592 penitus
1076 538 1344 594 persuadeat,
1383 551 1462 591 qua

77 609 157 636 una
196 599 287 636 arte
324 598 498 637 maxime
538 602 626 638 tum
661 601 843 637 nostram
887 599 1071 649 ipsorum
1111 601 1196 637 tum
1238 598 1461 637 amicorum

77 654 252 694 salutem
290 655 402 694 tueri
447 656 641 695 valemus.
712 655 853 707 Itaque
894 660 963 703 tu,
1013 667 1038 695 o
1078 654 1274 703 Socrate,
1321 655 1460 694 missis

76 711 168 752 istis
198 713 316 765 nugis
346 711 534 753 futilibus
563 712 727 752 tandem
762 712 976 763 aliquando
1017 725 1162 764 sapere
1192 712 1297 751 aude
1336 717 1379 752 et
1408 712 1460 752 ad

76 770 230 821 maiora
266 770 370 810 haec
410 775 455 811 et
490 771 726 823 augustiora
767 771 947 810 enitere!
1007 770 1163 821 Quibus
1202 770 1349 810 auditis
1380 770 1460 810 So-

77 830 215 868 crates
255 827 424 881 egregia
468 840 562 868 cum
601 827 830 867 urbanitate
875 829 1039 868 beatum
1076 827 1285 879 praedicat
1321 831 1460 868 tantae

77 885 303 937 sapientiae
350 888 395 924 et
449 885 689 925 eruditionis
736 886 878 924 virum.
952 883 1040 924 Sibi
1088 888 1221 924 autem
1265 885 1460 937 singulari

76 940 252 993 quodam
278 941 369 981 fato
397 945 535 982 narrat
563 941 775 992 accidere,
817 946 865 981 ut
901 941 1021 981 istam
1051 953 1165 981 suam
1196 946 1341 981 tenens
1373 943 1459 983 dis-

76 998 244 1040 serendi
270 1000 471 1039 rationem
498 1000 748 1051 sapientibus
779 999 1014 1051 displiceat3
1045 1003 1208 1039 sectans
1236 1013 1335 1039 vero
1366 1001 1459 1052 pul-

75 1069 239 1097 crarum
273 1061 585 1109 ornatarumque
623 1058 851 1097 orationum
899 1057 1062 1096 laudem
1102 1069 1225 1108 quum
1265 1059 1315 1098 ab
1350 1059 1485 1108 aliis,-

75 1118 164 1155 tum
192 1115 242 1155 ab
270 1114 436 1155 homine
463 1115 560 1166 illo,
597 1114 775 1167 Hippiae
812 1115 979 1168 ignoto,
1018 1114 1096 1154 sibi
1124 1119 1261 1155 autem
1289 1118 1457 1156 coniun-

76 1173 283 1223 ctissimo,
322 1174 496 1213 maxime
532 1173 790 1225 vituperetur
819 1177 863 1213 et
891 1172 1238 1225 reprehendatur,
1281 1186 1360 1225 qua
1387 1187 1457 1214 re·-

75 1230 352 1284 prehensione
389 1243 532 1271 rursus
571 1230 712 1280 effici,
750 1234 797 1269 ut
835 1231 913 1270 sibi
953 1235 1075 1282 turpe
1112 1230 1317 1281 videatur,
1358 1232 1456 1283 quid

75 1288 263 1341 pulcrum
299 1289 354 1328 sit
391 1289 648 1342 ignorantem
685 1289 915 1327 orationum
942 1288 1254 1341 pulcritudinem
1285 1303 1456 1341 crepare

77 1357 323 1401 semperque
350 1346 394 1387 in
422 1358 497 1386 ore
524 1346 692 1385 habere.
750 1345 1186 1398 Denique-profitetur
1226 1360 1272 1386 se
1308 1347 1374 1386 vel
1404 1360 1456 1388 ex

75 1403 159 1445 hoc
197 1403 402 1455 colloquio
440 1417 534 1443 cum
545 1403 712 1472 ‚Hippia
749 1404 937 1443 instituto
975 1404 1147 1443 maxime
1186 1404 1454 1455 intellexisse,

76 1472 197 1514 quam
225 1473 325 1501 vere
356 1461 515 1501 dicatur
543 1461 586 1501 in
615 1462 852 1513 proverbio:
878 1457 1048 1515 χαλεποὶ
1077 1456 1134 1501 τὰ
1164 1457 1290 1503 καλά

187 1518 250 1558 Ita
277 1519 402 1572 igitur
414 1511 498 1561 hic
535 1530 674 1561 sermo
711 1520 977 1561 urbanissima
1017 1519 1229 1573 sophistae
1266 1521 1456 1562 irrisione

76 1575 315 1618 absolvitur.

404 1814 714 1858 conlctJM
752 1814 1119 1859 ENLENCHUS

191 1918 303 1960 Cois.
326 1918 376 1962 Γ.
400 1919 496 1962 vat.
524 1917 582 1962 Θ.
605 1919 711 1962 ven.
744 1914 903 1967 ΞΣΥ.
934 1921 1063 1961 Paris.
1091 1920 1275 1960 BCEF.
1305 1922 1450 1976 Angel.

75 1987 112 2017 v.
143 1975 526 2020 Palat.b.Urb.1.
565 1978 659 2020 Vat.
699 1992 733 2018 r.
764 1979 937 2020 Vindob.
970 1980 1008 2018 1.
1047 1979 1087 2017 2.
1123 1979 1236 2018 Flor.
1278 1993 1312 2019 a.
1343 1982 1449 2021 b.c.

74 2045 113 2074 x.
179 2035 243 2074 Ex
279 2035 345 2074 his
390 2035 536 2087 Angel.
582 2039 625 2075 et
662 2035 775 2076 Flor.
811 2050 848 2076 x.
897 2038 1136 2089 plerumque
1179 2040 1450 2079 consentiunt.

73 2090 259 2132 Parisino
286 2091 336 2131 E.
374 2094 498 2132 etiam
535 2093 578 2133 in
615 2093 696 2133 hoc
735 2094 841 2134 libro
881 2095 1115 2148 castigando
1153 2094 1454 2148 Stephanus

74 2161 172 2190 usus
202 2149 374 2189 videtur.

189 2207 495 2247 Commentatus
533 2207 574 2248 in
608 2207 717 2247 hunc
761 2207 963 2260 dialogum
999 2213 1064 2248 est
1095 2209 1266 2249 Ileind
1279 2211 1381 2251 orsi
1395 2225 1452 2252 us

74 2263 261 2318 Dialogg.
303 2265 407 2305 Plat.
445 2265 598 2304 Select.
650 2266 701 2306 T.
739 2265 770 2305 1.
814 2266 951 2306 Berol.
993 2267 1117 2307 1802.
1153 2268 1193 2308 8.
1232 2268 1297 2309 ed.
1341 2269 1390 2309 11.
1428 2283 1452 2312 a

73 2321 386 2364 Buttmanno
414 2321 514 2363 Ibid.
545 2322 672 2364 1827.

517 2516 1010 2545 ——-—-——‘
