1670 2964
256 187 345 228 282
776 152 1102 237 PLATONIS

253 303 354 347 velis
381 302 609 343 iniurius
637 302 793 351 haberi,
824 316 873 349 an
901 302 1121 344 divinus.
1180 302 1335 356 Quibus
1359 303 1512 345 'auditis
1535 304 1602 346 fa·-

250 364 346 400 tuus
373 360 598 411 rhapsodus
628 360 798 399 multum
825 365 1034 412 praestare
1063 362 1301 412 arbitratur,
1341 365 1385 401 ut
1412 373 1488 413 pro
1514 363 1602 402 viro

250 417 425 457 divino
461 418 670 465 habeatur,
716 417 757 455 id
787 422 852 461 est
881 430 954 467 eo,
992 419 1059 470 qui
1087 421 1175 457 arte
1204 422 1247 458 et
1283 420 1451 459 scientia
1479 419 1602 470 plane

250 475 306 514 sit
333 475 565 520 destitutus,
620 473 756 527 Atque
782 474 846 519 liis
875 475 932 514 ita
950 475 1141 527 expositis
1164 476 1408 528 colloquium
1429 479 1601 536 repente

243 532 393 577 finitur²
690 531 694 533 “
1002 530 1007 535 ”
1288 531 1297 536 “

360 588 654 634 Contuentibus
683 588 806 639 igitur
833 589 911 628 iam
939 589 1054 628 nobis
1083 589 1312 628 universum
1349 590 1444 630 libri
1475 602 1598 642 argu-

246 649 426 685 mentum
462 648 506 683 et
544 645 654 683 velut
684 657 765 683 uno
795 646 942 684 mentis
978 645 1121 686 obtutu
1158 647 1495 697 perlustrantibus
1524 648 1598 687 ob-

245 715 409 741 scurum
439 715 532 741 esse
561 714 639 740 non
678 706 817 753 potest
854 703 1003 754 duplici
1040 703 1250 745 Socratem
1288 704 1348 742 uti
1385 705 1597 755 argumen-

241 760 421 807 tatione,
458 763 504 797 ut
542 758 679 797 Ionem
717 759 767 797 ad
803 761 973 804 inertiae
1014 764 1056 799 et
1093 761 1342 812 ignorantiae
1369 760 1597 806 confessio-

242 829 337 856 nem
367 816 514 868 adigat.
571 816 707 856 Primo
738 817 843 855 enim
873 830 965 855 eum
995 818 1106 869 cogit
1134 817 1276 869 largiri>
1302 820 1345 862 et
1367 817 1596 864 concedere

244 886 360 922 eum,
392 875 459 926 qui
496 874 592 911 artis
629 874 795 912 alicuius
838 875 993 925 peritus
1032 875 1108 922 sit,
1151 886 1232 913 non
1276 887 1394 918 unam
1439 877 1596 914 tantum

240 930 412 980 aliquam
444 932 530 969 eius
558 931 793 981 particulam
825 932 985 974 novisse
1014 931 1166 974 debere
1195 934 1239 970 et
1250 927 1452 980 iudicare,
1478 931 1594 975 ideo-

240 1000 320 1039 que
354 1000 465 1036 eum,
500 988 568 1039 qui
597 987 722 1032 solius
750 987 921 1027 Homeri
945 989 1174 1040 cognitione
1203 989 1380 1034 imbutus
1408 988 1484 1039 sit,
1524 1001 1593 1033 ce-

238 1048 355 1083 teros
385 1049 528 1096 poetas
559 1045 623 1082 vel
652 1048 883 1091 contemnat
911 1045 976 1083 vel
1000 1044 1177 1097 ignoret,
1207 1046 1438 1097 neutiquam
1463 1045 1593 1090 videri

236 1102 479 1153 rhapsodiae
507 1102 677 1153 aliquam
709 1106 836 1147 artem
867 1105 910 1140 et
940 1102 1147 1140 scientiam
1183 1106 1338 1147 tenere.
1413 1101 1476 1141 Ex
1511 1115 1591 1154 quo

239 1160 435 1210 consequi
462 1159 570 1206 vult,
602 1162 647 1197 ut
675 1159 891 1210 rhapsodia
918 1163 1005 1197 tota
1034 1159 1205 1210 quodam
1221 1159 1340 1198 animi
1361 1159 1590 1211 ingeniique

234 1216 390 1266 impetu
422 1229 471 1254 ex
499 1219 709 1266 poetarum
738 1217 982 1254 sublimitate
1009 1220 1052 1260 et
1081 1216 1225 1267 spiritu
1253 1215 1422 1255 oriundo
1460 1215 1589 1255 conti-

234 1277 392 1320 neatur.
450 1272 647 1311 Nimirum
679 1286 798 1325 quum
828 1273 1018 1324 quidquid
1050 1274 1203 1324 agimus
1232 1273 1298 1311 vel
1335 1273 1488 1312 conscii
1522 1273 1589 1312 vel

232 1330 351 1368 inscii
380 1329 596 1377 faciamuS,
635 1330 840 1382 sequitur,
877 1333 924 1378 ut
954 1331 1021 1381 qui
1059 1329 1154 1380 quid
1182 1330 1270 1368 sine
1297 1332 1411 1377 certa
1437 1330 1499 1369 rei
1525 1329 1587 1369 in-

231 1387 695 1438 telligentiaperficiat,
724 1383 759 1426 is
791 1386 879 1433 solo
909 1399 1005 1425 casu
1034 1386 1284 1424 extrinsecus
1329 1386 1465 1432 oblato
1498 1388 1589 1439 regi

231 1444 428 1483 videatur.
485 1444 561 1491 His
591 1456 688 1482 vero
717 1444 774 1482 ita
807 1444 1006 1484 conclusis
1037 1446 1080 1481 et
1109 1443 1298 1489 stabilitis
1321 1443 1392 1490 ubi
1408 1442 1461 1482 Io
1479 1443 1587 1483 nihi-

231 1500 405 1540 lominus
454 1502 531 1547 sibi
577 1513 768 1552 arrogare
812 1504 978 1547 conatur
1028 1500 1222 1547 scientiae
1269 1500 1586 1553 possessionem,

232 1557 425 1605 Socrates
466 1571 558 1597 eum
595 1558 723 1604 altera
758 1557 1102 1610 argumentatione
1142 1557 1198 1596 ita
1221 1557 1343 1609 urget
1373 1561 1417 1596 et
1444 1557 1485 1603 in
1513 1570 1585 1597 an-

230 1617 385 1667 gustias
415 1615 585 1667 redigit,
614 1618 661 1661 ut
690 1615 765 1654 sibi
794 1614 1055 1662 stolidissime
1084 1627 1220 1653 earum
1245 1611 1382 1661 rerum
1419 1615 1584 1666 arripiat

231 1673 465 1721 scientiam,
495 1685 591 1724 quas
617 1673 777 1724 penitus
807 1672 966 1719 novisse
998 1684 1044 1710 ac
1074 1671 1264 1716 didicisse
1284 1683 1364 1710 non
1389 1671 1592 1722 rhapsodi„

231 1733 318 1778 est,
348 1729 421 1768 sed
449 1725 678 1778 fabrorum,
710 1729 932 1778 artificum,
961 1728 1232 1777 medicorum,
1261 1727 1441 1775 aliorum,
1470 1726 1582 1779 'Quo

230 1787 323 1837 ipso
353 1786 525 1838 denique
556 1786 753 1835 efficitur,
781 1790 828 1824 ut
858 1786 980 1832 homo
1007 1786 1267 1834 vanissimus,
1295 1786 1334 1827 vi
1362 1788 1405 1832 et
1440 1789 1582 1825 natura

228 1840 472 1894 rhapsodiae
502 1844 663 1889 minime
701 1843 928 1891 intellecta,
968 1842 1308 1894 ‚repentesevadat
1335 1842 1454 1881 miles
1489 1842 1579 1894 glo-

227 1901 376 1947 riosus.
450 1900 515 1947 Ad
557 1901 636 1947 hoc
676 1905 811 1939 autem
856 1900 1059 1951 dignitati·
1111 1899 1318 1950 fastigium
1363 1902 1579 1951 postquam

229 1961 395 2001 evectus
427 1961 513 2010 est,
543 1970 684 2002 errore
713 1970 786 2005 suo
817 1958 1002 2015 cognito,
1041 1969 1094 1995 ne
1123 1956 1279 1998 scilicet
1305 1956 1486 2001 videatur
1514 1957 1577 1996 in-

226 2014 369 2062 iuriuS,
399 2014 552 2061 divinus
593 2015 753 2065 potius,
790 2013 833 2053 id
875 2017 940 2052 est
969 2014 1067 2059 artis
1097 2017 1141 2052 et
1178 2013 1374 2059 scientiae
1407 2025 1575 2065 prorsus

228 2084 397 2122 expers,
437 2085 553 2123 quam
593 2072 735 2110 doctus
761 2074 816 2119 ‚et
850 2070 1031 2117 eruditus
1061 2070 1202 2116 haberi
1229 2070 1389 2118 mavult,
1447 2070 1575 2118 Nimi-

225 2129 372 2167 mirum
419 2129 460 2168 in
502 2141 551 2167 eo
588 2128 779 2180 rhapsodi
819 2128 1058 2179 plerumque
1102 2127 1287 2174 *sidentur
1333 2139 1577 2180 magnopere

223 2186 447 2234 erravisse,
491 2185 612 2237 quod,
641 2183 761 2237 quum
798 2186 896 2224 artis
924 2185 1134 2234 iudicium,
1163 2184 1270 2236 quod
1298 2184 1376 2231 sibi
1400 2183 1577 2231 vindIca-

222 2241 341 2290 bant,
372 2243 422 2280 ad
450 2255 588 2289 omnes
618 2255 665 2281 ac
693 2242 868 2294 singulas
897 2243 1114 2289 carminum
1139 2241 1452 2288 Homericorum
1481 2254 1572 2293 pare

223 2301 290 2337 tes
328 2301 534 2349 pertinere
571 2300 792 2347 sentirent,
829 2293 1023 2350 protenus
1066 2299 1186 2345 etiam
1224 2299 1401 2350 ipsarum
1436 2297 1572 2345 rerum'

221 2355 264 2394 in
300 2355 350 2393 iis
388 2360 646 2403 tractatarum
686 2357 894 2403 scientiam
930 2368 1010 2403 non
1049 2356 1135 2402 sine
1159 2356 1375 2403 iactatione
1404 2355 1480 2402 sibi
1508 2358 1571 2393 at-

223 2412 473 2458 tribuebant:
507 2413 557 2452 de
588 2425 666 2463 quo
695 2413 831 2452 iudicii
871 2425 1010 2460 errore
1049 2412 1198 2463 aliquid
1227 2412 1276 2451 ad
1312 2425 1352 2464 p.
1386 2411 1482 2459 539,
1521 2411 1594 2450 C.·

223 2470 509 2516 annotavimus.
567 2470 643 2509 His
681 2482 777 2517 vero
813 2471 1244 2521 argumentationibus,
1285 2469 1428 2520 quibus
1473 2467 1568 2507 rha-

221 2526 361 2577 psodis
391 2530 475 2570 tum
504 2528 602 2571 artis
634 2528 738 2566 ratio
765 2530 851 2574 tum
880 2540 1016 2574 rerum
1043 2527 1220 2578 ipsarum
1245 2524 1422 2578 cognitio
1450 2537 1568 2576 pror-

221 2595 291 2627 sus
331 2583 521 2633 eripitur,
565 2584 697 2630 media
741 2584 979 2634 interposita
1026 2587 1091 2633 est
1136 2583 1340 2635 praeclara
1385 2581 1566 2621 Socratis

222 2639 441 2691 disputatio
480 2639 530 2685 de
564 2641 603 2678 vi
643 2645 686 2679 et
723 2646 865 2687 natura
903 2641 1011 2687 illius
1051 2639 1229 2688 furoris,
1268 2650 1346 2690 quo
1374 2639 1566 2693 rhapsodi

221 2697 397 2743 carmina
433 2700 643 2747 poetarum
677 2698 896 2744 recitantes
934 2698 1082 2749 corripi
1118 2701 1161 2744 et
1190 2691 1331 2747 agitari
1369 2695 1564 2742 solebant.

218 2753 337 2801 Hunc
377 2754 482 2800 enim
522 2754 620 2791 oriri
658 2757 799 2799 censet
837 2767 916 2793 non
956 2767 979 2797 a
1007 2754 1082 2793 diis
1112 2756 1181 2799 aut
1210 2765 1259 2791 ex
1285 2752 1477 2798 liberiore
1501 2753 1562 2799 in«-

218 2811 327 2863 geuii
354 2810 470 2859 lusu,
500 2810 572 2851 sed
599 2810 655 2857 ita
683 2811 838 2862 potius,
867 2818 912 2850 ut
941 2815 1041 2861 quae
1069 2815 1218 2862 poetae
1246 2810 1483 2858 cecinerint,
1512 2821 1561 2849 ea
