1670 2964
624 115 906 175 Lysis.
1195 106 1200 111 ·
1398 115 1463 173 ⁷⁹..

88 237 212 277 dubio
241 235 431 291 exemplo
466 246 632 284 eorum,
673 234 743 287 qui
771 234 922 279 amoris
952 236 996 276 et
1032 230 1236 276 amicitiae
1269 234 1457 274 naturam

86 294 331 347 explicaturi
358 294 487 333 varias
507 292 794 332 vocabulorum
825 291 1141 344 significationes
1170 302 1313 343 parum
1333 302 1454 329 accu-

86 357 179 394 rate
231 347 512 391 distinxissent
560 349 738 402 ideoque
794 351 927 390 omnia
973 353 1135 388 temere
1181 347 1454 388 miscuissent.

86 408 208 461 Quod
234 409 399 461 quidem
437 408 592 448 factum
631 420 727 447 esse
764 420 789 447 a
823 407 1023 460 sophistis
1066 406 1189 446 tricas
1219 405 1454 444 dialecticas

87 467 338 508 sectantibus
368 479 417 506 ex
446 479 497 506 eo
527 466 782 518 colligimus,
824 465 932 516 quod
967 465 1060 517 ipse
1100 463 1373 516 philosophus
1413 463 1456 503 iu

85 525 286 566 sermonis
316 523 483 564 exordio
513 537 553 577 p.
582 523 682 563 204.
711 523 760 563 Α.
818 522 1020 571 Miccum,
1059 521 1143 561 ludi
1182 521 1456 574 praefectum,

82 581 267 634 appellat
308 582 493 622 Socratis
530 582 719 649 ἑταῖρον
756 581 832 622 καὶ
867 581 1125 630 ἐπαινέτην,
1176 575 1229 620 οὐ
1277 578 1454 636 φαῦλον

84 637 252 695 ἄνδρα
281 635 380 680 ἀλΓ
415 634 570 681 ἰκανὸν
601 634 848 698 σοφιστήν,
880 644 924 678 et
951 637 1080 689 quod
1088 637 1361 677 Menexenum
1391 635 1456 678 di-

85 697 144 737 cit
183 709 207 736 a
245 696 468 750 Ctesippo,
517 697 650 736 fratre
697 697 894 749 patrueli,
938 708 1060 748 quem
1108 708 1157 735 ex
1192 695 1454 747 Euthydemo

84 755 268 795 novimus
297 754 527 795 disserendi
556 759 646 794 arte
673 755 942 794 vehementer
977 766 1075 793 esse
1103 753 1372 802 delectatum,
1411 752 1456 794 iu

84 811 313 852 dialecticis
350 813 582 852 institutum
618 823 727 852 esse.
795 811 900 852 Nam
935 824 975 863 p.
1011 811 1109 850 211.
1143 811 1190 850 B.
1231 810 1453 850 Socrates.

85 865 184 911 ἀλλ’
236 866 344 926 ὅρα,
391 870 545 920 inquit,
601 865 724 918 ὅπως
769 863 1074 935 ἐπικουρήσας
1118 882 1222 922 ιιοι,
1274 863 1352 908 ἐάν
1397 878 1454 923 με

84 926 275 993 ἐλέγχειν
302 925 497 986 ἐπιχαρῆ
528 922 550 967 ὁ
583 923 846 978 ,ῖῑίΙενεέξενοςο
886 922 914 976 ὴ
947 939 1028 967 ουκ
1058 906 1227 992 οῗσᾷα,
1268 920 1340 966 ὅτι
1368 926 1465 982 &pt--

85 980 240 1033 στικός
266 986 408 1033 ὲστιν;
449 989 493 1023 et
521 984 658 1036 paullo
686 989 805 1036 post.
845 978 991 1031 δεινὸς
1018 977 1102 1037 γὰρ
1135 978 1158 1023 ὁ
1190 977 1456 1038 ἄνθρωπος,

84 1041 355 1094 Κτησίππου
393 1037 629 1096 μαῦητης.
695 1042 833 1092 Atque
876 1041 1022 1080 eodem
1070 1041 1252 1092 pertinet
1299 1041 1455 1080 mentio

84 1099 175 1142 τῶν
211 1096 503 1154 ἀντιλογικῶν
540 1111 581 1151 p.
620 1099 718 1138 216.
756 1100 806 1139 A.
846 1099 1020 1148 iniecta,
1068 1097 1119 1137 ad
1159 1110 1280 1149 quem
1316 1098 1454 1138 locum

83 1158 176 1198 vide
205 1167 327 1209 quae
339 1157 379 1197 in
408 1157 710 1197 commentariis
748 1157 1038 1196 annotavimus.
1095 1155 1185 1195 Hos
1223 1156 1348 1207 igitur
1374 1156 1453 1195 ho-

84 1216 214 1256 mine·
244 1215 421 1255 dubitari
458 1228 538 1254 non
573 1218 715 1267 potest
751 1215 848 1268 quin
875 1214 994 1254 Plato
1032 1218 1176 1266 arguta
1205 1214 1285 1252 ista
1315 1218 1359 1254 et
1387 1213 1453 1253 fa-

82 1277 178 1313 ceta
207 1272 482 1325 disputatione
519 1274 576 1313 ita
611 1272 749 1312 ridere
785 1286 833 1311 ac
861 1272 1142 1324 perstringere
1168 1271 1366 1320 voluerit,
1404 1274 1452 1312 ut

85 1330 272 1382 exemplo
292 1330 427 1380 aliquo
450 1330 704 1378 ostenderet,
734 1333 984 1382 quantopere
1002 1330 1071 1368 isti
1100 1333 1267 1381 propter
1285 1330 1452 1370 nimium

84 1389 331 1440 argutiarum
360 1387 538 1427 studium
565 1387 631 1426 vel
667 1388 709 1426 in
744 1401 793 1426 ea
823 1400 870 1426 re
908 1387 1180 1436 caecutirent,
1217 1398 1319 1438 quae
1356 1400 1451 1428 cum

84 1446 173 1497 ipsa
211 1445 420 1485 hominum
465 1446 548 1485 vita
589 1446 857 1485 arctissimam
901 1445 1075 1484 haberet
1112 1445 1450 1488 coniunctionem.

81 1503 228 1554 Neque
266 1503 375 1542 enim
413 1502 548 1554 ipsum
597 1502 761 1544 dubium
807 1502 1017 1552 haesisse,
1067 1502 1163 1556 quid
1210 1514 1259 1542 ea
1303 1503 1355 1542 de
1402 1515 1452 1544 re

84 1559 339 1601 sentiendum
390 1559 728 1612 iudicandumque
777 1565 914 1609 esset,
974 1562 1205 1600 certissime
1263 1560 1450 1614 explora-

81 1622 172 1658 tum
210 1617 422 1658 habemus.
480 1618 642 1670 Quippe
682 1619 762 1658 iam
801 1631 826 1658 a
861 1618 1032 1657 Socrate
1074 1618 1282 1659 audiverat
1309 1619 1449 1658 amici-

83 1676 181 1716 tiam
211 1688 308 1715 esse
337 1672 516 1714 metuam
556 1679 600 1715 et
640 1689 690 1717 ex
726 1688 866 1716 amore
901 1675 1062 1715 virtutis
1101 1680 1231 1717 ortam
1249 1670 1255 1674 ²
1272 1677 1450 1717 benevo-

82 1726 273 1782 lentiam,
315 1745 397 1783 qua
430 1731 536 1773 alter
573 1732 742 1774 alterius
780 1734 1001 1773 utilitatem
1031 1746 1150 1784 quam
1178 1735 1349 1774 maxime
1378 1734 1450 1774 ad·-

84 1791 222 1831 iuvare
265 1790 439 1830 studeat.
482 1803 518 1830 ν.
557 1790 665 1831 Xen
679 1791 787 1843 oph.
828 1791 956 1830 Mem.
993 1790 1055 1840 11,
1097 1791 1128 1831 5
1170 1796 1213 1831 et
1250 1793 1290 1832 6.
1359 1791 1450 1833 Nec

84 1852 230 1900 postea
269 1848 360 1900 ipse
408 1861 498 1888 eam
545 1849 691 1888 reiecit
737 1850 1003 1898 sententiam,
1047 1848 1369 1900 quandoquidem
1407 1851 1450 1891 in

84 1905 272 1947 Phaedro
303 1917 407 1957 quae
433 1906 651 1946 illustravit
687 1906 877 1955 decreta,
919 1919 967 1946 ea
1004 1905 1082 1946 hac
1119 1908 1207 1958 ipsa
1247 1909 1450 1948 sententia

15 2012 19 2015 ¹
85 1965 278 2004 nituntur.
336 1963 392 2003 Et
420 1963 610 2015 profecto
641 1964 754 2003 nullo
791 1964 915 2004 modo
949 1965 1089 2016 negari
1126 1969 1266 2016 potest
1303 1966 1369 2004 vel
1407 1966 1450 2006 in

86 2034 157 2071 ea,
198 2033 316 2072 quam
345 2021 468 2060 modo
497 2023 780 2073 exposuimus,
816 2022 937 2062 huius
969 2023 1166 2062 sermonis
1199 2028 1338 2074 parte,
1377 2036 1448 2063 ve-

84 2091 158 2119 rae
195 2079 361 2118 rationis
398 2079 571 2130 vestigia
613 2091 806 2130 expressa
845 2080 981 2129 cerni,
1030 2093 1133 2130 quae
1177 2081 1447 2133 philosophus

85 2149 166 2176 non
195 2140 338 2188 aperte
367 2137 623 2185 monstravit,
664 2137 738 2176 sed
777 2138 983 2176 erroribus
1015 2138 1190 2187 obtexit,
1227 2144 1449 2191 propterea
1511 2139 1517 2153 ‘

86 2193 195 2246 qnod
224 2206 304 2233 non
333 2193 454 2232 modo
483 2193 675 2242 docendi,
717 2194 791 2233 sed
832 2194 1040 2234 cavillandi
1077 2195 1314 2246 ridendique
1350 2210 1450 2236 con-

76 2251 220 2293 ·silinm
253 2255 418 2291 secutus
447 2255 524 2290 est.
584 2251 669 2291 Sed
697 2251 799 2291 haec
827 2253 954 2292 veluti
984 2253 1024 2292 in
1054 2256 1310 2295 transcursu:
1336 2255 1448 2295 redi-

78 2320 176 2350 imus
205 2309 256 2348 ad
284 2308 598 2360 disputationem
628 2322 651 2348 a
681 2308 851 2349 Socrate
881 2310 1121 2350 institutam.

199 2365 400 2406 Refutato
443 2366 570 2418 igitur
607 2365 838 2406 Meuexeno
888 2368 1018 2406 oratio
1056 2368 1236 2410 Socratis
1278 2374 1453 2422 repente

86 2436 184 2467 sese
211 2424 414 2463 convertit
443 2424 494 2463 ad
517 2423 732 2476 Lysidem,
772 2425 841 2475 qui
878 2429 922 2465 et
949 2425 1038 2477 ipse
1066 2426 1339 2467 affirmaverat
1366 2428 1452 2468 dis-

87 2483 336 2535 putatiouem
378 2481 575 2521 hactenus
605 2482 832 2521 institutam
860 2483 1002 2533 utique
1030 2496 1229 2536 prospero
1269 2487 1452 2526 caruisse

89 2552 294 2581 successu.
351 2539 494 2593 Pergit
529 2546 665 2578 autem
694 2540 750 2579 ita
777 2539 871 2578 sere
898 2540 1120 2592 disputare.
1180 2542 1353 2592 PoiStae,
1388 2545 1452 2584 in-

90 2598 199 2649 quit,
237 2601 383 2636 canunt
414 2597 512 2636 deos
544 2597 718 2635 similem
749 2597 871 2637 simili
905 2599 1083 2644 reddere
1111 2601 1302 2649 amicum3
1340 2602 1451 2642 idem

91 2666 257 2706 prorsus
286 2655 524 2694 confirmant
551 2654 809 2706 philosophi,
839 2656 908 2706 qui
935 2656 987 2696 de
1015 2657 1093 2697 hac
1123 2671 1259 2698 rerum
1288 2661 1450 2699 univer-

91 2712 213 2751 sitate
240 2711 489 2752 disserentes
526 2712 673 2751 similia
704 2713 842 2751 dicunt
880 2726 972 2756 cum
1009 2715 1207 2754 similibus
1246 2717 1287 2756 in
1328 2730 1451 2755 unum

91 2769 204 2812 coire
238 2773 284 2809 et
315 2770 446 2811 amice
481 2770 701 2810 conciliari.
776 2769 917 2822 Itaque
955 2773 1189 2814 amicitia
1233 2774 1459 2812 videtur«
