1670 2964
0 885 6 992 ἓ

544 141 968 184 MENEXENUS.
1388 143 1445 185 51

81 279 155 315 τες
188 264 293 320 ἰδίᾳ.
361 257 473 322 Cap.
499 256 633 305 XIV.
696 262 858 318 Τρίτος
893 262 938 304 δὲ
973 257 1162 319 πόλεμος
1191 258 1303 319 μετὰ
1339 261 1450 307 ταύ-

83 347 169 385 την
201 328 284 384 τὴν
317 326 496 385 εἰρήνην
529 325 789 379 ἀνέλπιστός
822 345 869 371 τε
904 331 980 373 καὶ
1012 326 1155 382 δεινὸς
1185 333 1366 386 ἐγένετο,
1401 335 1449 375 ὲν

84 391 120 455 ᾦ
157 397 317 443 πολλοὶ
356 398 431 440 καὶ
467 394 646 452 ἀγαθοὶ
683 394 1020 450 τελευτήσαντες
1062 394 1229 441 ἐνθάδε
1269 404 1450 451 κεῖνται,

83 465 246 511 πολλοὶ
277 466 359 521 μὲν
393 463 512 522 ἀμφὶ
547 465 764 508 Σικελίαν
799 467 983 508 πλεῖστα
1018 463 1214 522 τρόπαια
1257 465 1450 520 στήσαν-
1476 468 1563 511 243

84 549 156 584 τες
188 529 299 594 ὑπὲρ
331 534 412 586 τῆς
445 534 702 576 Λεοντίνων
740 534 1023 589 ἐλευθερίας,
1072 532 1138 584 οἷς
1170 535 1454 590 βοηθοῦντες

0 653 2 656 y
83 597 160 644 διὰ
196 596 302 651 τοὺς
337 597 498 656 ὅρκους
540 601 756 643 ἔπλευσαν
790 605 851 651 εὶς
892 605 1082 652 ἐκείνους
1123 598 1230 653 τοὺς
1271 600 1452 656 τόπους,

3 678 22 721 j
85 663 159 711 διὰ
195 668 240 710 δὲ
275 669 416 723 μῆκος
451 669 531 711 τοῦ
566 669 682 711 πλοῦ
717 672 777 718 εὶς
812 666 1008 725 ἀπορίαν
1052 670 1131 722 τῆς
1169 667 1338 722 πόλεως
1371 687 1453 714 κα-

2 736 5 748 “
72 733 308 787 -ταστεὲσης
336 737 410 778 καὶ
447 734 500 780 οὐ
537 737 782 792 δυναμένης
816 728 970 787 αὐτοῖς
1001 733 1256 793 ὑπηρετεῖν,
1301 736 1448 796 τούτῳ

82 798 348 853 ἀπειπόντες
381 799 701 857 ὲδυςτύχησαν·
736 796 798 846 ὧν
838 806 880 846 οἱ
913 805 1074 855 ἐχθροὶ
1108 806 1182 847 καὶ
1208 808 1456 860 προςπολε-

0 870 24 895 ’“
79 869 299 931 μήσαντες
332 871 462 911 πλείω
500 870 687 913 ἔπαινον
735 869 882 924 ἔχουσι
917 862 1206 925 σωφροσύνης
1240 868 1315 909 καὶ
1349 863 1454 923 ἀρε-

0 996 2 1006 *
81 938 163 990 τῆς
191 933 219 990 ἢ
253 936 344 978 τῶν
377 931 525 978 ἄλλων
559 937 601 977 οἱ
636 934 784 993 φίλοι·
832 934 990 976 πολλοὶ
1034 930 1074 976 δ’
1117 936 1165 975 ἐν
1198 939 1298 983 ταῖς
1342 948 1455 977 vav-

1 1014 23 1045 ·.
77 1006 262 1063 μαχιάις
294 1009 394 1054 ταῖς
427 998 543 1046 καθ’
578 998 929 1054 Ἑλλήςποντον,
961 1001 1044 1057 μιᾷ
1076 1001 1159 1057 μὲν
1192 996 1335 1060 ἡμέρᾳ
1366 997 1455 1045 πά-

81 1172 203 1203 annot.
237 1172 268 1203 6.

324 1169 440 1201 Etiam
476 1177 531 1209 ap.
568 1168 748 1200 Demosth.
783 1178 812 1199 e.
848 1165 979 1207 Aphoh.
1016 1167 1042 1199 Ι.
1078 1167 1109 1205 §.
1148 1167 1203 1199 15.
1235 1177 1267 1202 c„
1308 1169 1454 1209 Apatur.

82 1218 115 1258 §-
139 1218 195 1249 21.
220 1217 265 1248 al.
289 1216 373 1248 haec
399 1216 514 1247 forma
538 1215 654 1251 sedem
683 1214 787 1246 habet
812 1215 898 1245 satis
924 1215 1064 1244 certam.

82 1331 176 1373 gium
212 1330 448 1363 reverterunt.
504 1329 551 1359 Et
592 1328 632 1359 ad
673 1337 736 1367 po-

21 1394 25 1398 ·
81 1383 215 1411 sti-ema
261 1375 396 1415 quidem
439 1375 524 1406 haec
557 1374 736 1405 Platonem

80 1423 283 1464 respexisse
316 1421 507 1453 arbitratus
548 1423 601 1452 est
635 1421 738 1451 Gott-

81 1471 233 1503 leherus.

129 1509 204 1548 διὰ
249 1507 355 1549 τούς
403 1508 539 1554 ὅρκου
551 1509 589 1554 ς]
651 1512 739 1542 Erat

82 1563 179 1595 enim
209 1559 480 1593 Atheniensibus
516 1567 594 1588 cum
621 1558 741 1588 Leon-

82 1609 172 1642 tinis
205 1601 336 1640 παλαιὰ
368 1603 546 1648 ξυμμαχία
555 1627 567 1644 ,
607 1606 646 1635 ut
688 1603 739 1634 ait

83 1653 274 1694 Thucyd.
299 1654 370 1694 111,
395 1653 437 1682 86
449 1673 459 1692 ‚
488 1652 511 1682 i.
531 1660 573 1688 e.
606 1651 742 1690 foedus,

83 1691 177 1742 quod
187 1722 199 1742 ‚
236 1702 278 1730 ut
319 1701 442 1730 notum
480 1701 533 1728 est
543 1719 553 1738 ,
595 1697 738 1728 Graecis

85 1747 194 1779 etiam
248 1741 348 1789 ὅρκος
397 1744 440 1775 ob
487 1743 740 1783 interpositum

87 1792 332 1825 iusiurandum
355 1791 494 1821 dicitur.

133 1835 212 1880 τῆς
240 1835 407 1872 πόλεως
435 1831 740 1877 καταστάσης]

89 1884 304 1925 Intelligitur
326 1883 448 1914 civitas
463 1882 742 1914 Atheniensium.

134 1927 280 1970 τούτῳ
298 1924 440 1962 (ἔπεστι.
455 1927 610 1968 idus-m]
629 1929 744 1968 ideo,

89 1977 171 2018 quia
198 1976 322 2008 civitas
349 1976 520 2007 auxilium
553 1976 648 2006 ferre
672 1984 745 2005 non

91 2026 225 2065 posset,
249 2021 436 2053 animum
467 2023 601 2060 despo
614 2021 746 2051 nden-

91 2074 108 2102 t
118 2080 136 2101 e
147 2079 173 2102 s.
220 2070 273 2100 De
296 2069 402 2099 verbo
431 2063 581 2099 ἀπειπεῖν
601 2067 747 2097 laudant

91 2116 150 2149 Ab
160 2125 177 2146 r
187 2124 206 2146 e
215 2125 231 2146 s
243 2124 260 2145 c
271 2114 292 2145 h
302 2114 313 2144 i
325 2123 346 2144 n
357 2124 387 2144 m
428 2114 559 2144 Diiucc.
593 2112 746 2152 Thucyd.

30 2188 38 2203 ‹.
90 2164 134 2195 Τ.
163 2163 206 2192 ΙΙ.
232 2170 264 2200 p.
291 2161 367 2191 178.
410 2159 660 2198 intelliguntur
684 2168 747 2189 au-

91 2212 162 2241 tem
194 2206 269 2247 ilii,
307 2206 365 2246 qui
400 2206 441 2236 ah
476 2205 747 2237 Atheniensibus

96 2255 135 2288 in
163 2253 318 2286 Siciliam
342 2251 440 2283 missi
465 2253 557 2282 sunt.
603 2253 655 2282 De
690 2251 748 2281 in·

93 2300 192 2334 felici
238 2298 474 2339 expeditionis
514 2298 552 2328 in
592 2297 748 2329 Siciliam

94 2349 278 2386 susceptae
307 2348 435 2376 eventu
469 2344 507 2375 in
533 2345 658 2384 vulgus
683 2353 749 2374 no-
780 2357 787 2363 ·

96 2397 140 2426 ta
163 2394 244 2424 sunt
267 2391 397 2424 omnia.
422 2400 453 2424 v.
476 2390 663 2430 Thucyd.
691 2391 751 2431 vl,

97 2441 117 2472 1
143 2440 215 2478 sqq.
239 2454 286 2463 -·
310 2439 394 2478 VH,
419 2440 464 2468 87
487 2447 559 2476 sqq.

143 2480 195 2518 ὦν
219 2484 260 2516 οἱ
283 2481 448 2527 ἔχθροὶ
470 2499 515 2505 -
539 2482 582 2514 οἱ
609 2481 750 2525 φίλοι]

97 2533 195 2564 naec
218 2540 382 2570 quorsum
411 2529 631 2570 pertineant,
653 2529 753 2559 iuxta

100 2586 176 2610 eum
188 2576 422 2631 ignei-issimis
435 2576 649 2616 ignoramus.
664 2577 751 2606 Nam

100 2622 176 2655 sive
201 2633 245 2655 m
267 2623 455 2654 referimus
485 2622 527 2653 ad
560 2622 593 2653 οἱ
616 2620 751 2662 πολλοί,

98 2671 142 2701 ut
197 2669 442 2710 intelligantur
498 2668 754 2706 Athenienses3

99 2715 276 2747 nescimus
301 2724 406 2755 sane,
441 2715 614 2754 quomodo
639 2713 752 2745 hosti-

102 2761 167 2793 bus
189 2769 310 2795 eorum
332 2761 586 2795 moderationis
614 2771 653 2792 ac
679 2760 754 2793 vir-

804 1327 890 1358 tutis
915 1326 991 1357 laus
1014 1326 1122 1358 tribui
1156 1327 1198 1358 ab
1224 1329 1366 1360 oratore
1391 1338 1458 1368 po-

805 1372 930 1404 tuerit:
995 1373 1071 1403 sive
1133 1382 1328 1412 pronomen
1381 1385 1460 1407 cum

807 1418 1073 1450 Gottlebero
1100 1420 1142 1450 ad
1161 1421 1353 1452 Leontinos
1378 1431 1461 1461 per-

804 1465 918 1496 tinere
943 1464 1157 1506 iudicamus,
1195 1476 1239 1498 ne
1268 1467 1356 1499 illud
1382 1467 1462 1508 qui-

807 1513 882 1542 dem
909 1515 1121 1549 compertum
1148 1512 1325 1554 habemus,
1351 1523 1462 1552 quae..

807 1558 887 1588 nam
942 1557 1050 1588 ruerit
1092 1559 1375 1591 messanensium
1422 1560 1462 1592 in

807 1613 868 1635 eos
894 1603 1103 1637 humanitas.
1151 1605 1218 1635 Sed
1243 1606 1335 1645 quod
1361 1608 1465 1647 caput

809 1650 858 1682 rei
885 1652 948 1688 est,
972 1649 1071 1681 nullo
1090 1650 1193 1682 modo
1216 1654 1330 1692 potest
1353 1652 1463 1685 intel-

807 1696 892 1736 ligi,
951 1705 1016 1726 cur
1063 1699 1185 1728 orator
1230 1698 1463 1731 Athenienses

807 1743 1013 1775 laudaturus
1055 1742 1172 1774 hostes
1209 1745 1265 1775 vel
1305 1744 1466 1785 ipsorum

808 1790 863 1821 vei
889 1787 1140 1820 Leontinorum
1171 1790 1331 1822 laudibus
1359 1801 1468 1824 orna·

809 1835 922 1868 verit:
958 1835 1049 1873 quod
1087 1845 1173 1866 nane
1214 1838 1469 1875 perabsurdum

811 1885 878 1913 est.
933 1882 1052 1920 ltaque
1085 1884 1197 1914 totum
1235 1883 1301 1914 hoc
1333 1894 1469 1917 comma

811 1932 973 1966 tanquam
1009 1926 1147 1958 alienae
1181 1938 1304 1961 manus
1330 1930 1467 1962 addita·

814 1976 966 2005 mentum
1005 1973 1239 2007 obiiciendum
1273 1986 1470 2017 censemus,

813 2021 850 2052 in
877 2030 976 2058 quam
1001 2020 1207 2052 sententiam
1231 2021 1333 2054 video
1365 2023 1471 2058 etiam

817 2066 1053 2098 Loersium
1080 2067 1321 2106 disputavisse.

861 2110 1018 2144 πολλοὶ
1048 2108 1086 2143 ‹5'
1113 2112 1156 2143 ἐν
1181 2116 1280 2150 ταῖς
1301 2125 1471 2159 ναυμα-

814 2157 888 2200 χία
900 2170 935 2195 ις
958 2159 1021 2198 -]
1050 2160 1137 2189 Nam
1164 2159 1283 2191 clades
1301 2161 1344 2199 >in
1374 2161 1471 2195 Sici-

816 2205 867 2236 lia
889 2206 1031 2244 accepta
1056 2205 1184 2247 effecit,
1212 2209 1250 2236 ut
1274 2207 1374 2248 sosii,
1401 2207 1472 2240 iam

816 2254 1007 2292 nutantes,
1056 2251 1264 2283 nominatim
1313 2253 1390 2285 Chii
1433 2255 1472 2287 et

817 2297 954 2338 Lesbii,
986 2298 1028 2327 ab
1052 2297 1322 2331 Atheniensibus
1346 2300 1472 2331 defice.

817 2346 909 2376 rent.
951 2346 1070 2382 ltaque
1087 2344 1356 2377 Lacedaemonii
1380 2346 1473 2378 elas-

819 2399 891 2422 sem
915 2388 951 2420 in
976 2390 1095 2421 Chium
1121 2393 1157 2422 et
1183 2391 1333 2423 Lesbum
1364 2393 1475 2424 mise-

818 2436 924 2475 runt,
988 2439 1029 2467 ut
1074 2435 1147 2467 iliis
1183 2437 1320 2470 ferrent
1367 2439 1476 2470 suxi-

817 2482 916 2514 lium.
962 2481 1191 2514 Athenienses
1216 2493 1312 2524 vero,
1335 2483 1372 2516 id
1397 2494 1476 2517 eum

824 2528 1033 2570 sensissent,
1080 2537 1154 2560 eam
1202 2530 1315 2562 adorti
1356 2531 1476 2564 decem

821 2584 930 2606 naves
953 2574 1095 2606 iliorum
1132 2575 1407 2616 interceperunt.
1441 2587 1476 2610 v.

825 2621 1014 2660 Thucyd.
1057 2622 1156 2662 vlu,
1190 2624 1210 2652 9
1243 2631 1314 2663 sqq.
1376 2624 1476 2660 Quo-

824 2667 919 2699 circa
941 2669 1062 2699 orator
1085 2666 1150 2699 hoe
1172 2668 1252 2700 loco
1276 2677 1350 2701 rem
1375 2669 1478 2701 miri-

826 2715 888 2745 fice
912 2716 1016 2754 auget
1039 2717 1074 2745 et
1090 2715 1296 2755 amplificst;
1320 2724 1400 2747 nam
1417 2716 1480 2747 de-

825 2770 899 2793 cem
927 2763 1061 2793 tantum
1100 2765 1223 2802 captae
1263 2764 1344 2794 sunt
1372 2770 1481 2796 naves

1016 2824 1096 2868 4*
