1670 2964
256 171 340 210 148
769 164 1097 207 PLATONIS

253 284 490 322 varietatem
529 284 651 331 atque
687 282 939 319 venustatem
977 280 1216 330 expeteret,
1255 278 1409 323 factum
1438 282 1523 330 est,
1562 284 1611 320 ut

255 340 460 379 hominem
495 350 591 376 vere
628 335 828 375 eruditum
858 337 1166 388 elegantemque
1205 337 1457 377 existimaret
1491 350 1611 390 pror-

256 410 324 436 sus
365 397 566 435 dedecere
616 393 789 431 haerere
828 393 869 432 in
918 393 1110 444 singulis,
1157 406 1289 445 neque
1327 395 1447 433 unice
1487 394 1613 434 veluti

255 467 408 493 summa
455 463 594 490 rerum
631 450 781 487 intueri
829 453 950 501 atque
998 450 1255 489 considerare
1284 448 1340 504 *).
1415 452 1613 502 Quocirca

255 510 520 551 subtilitatem
552 507 684 554 illam,
725 518 827 557 quae
868 507 998 545 omnia
1040 506 1254 557 diligenter
1282 509 1541 562 persequitur
1569 513 1613 548 et

255 567 448 618 exquirit,
489 564 628 616 pusilli
666 565 903 615 angustique
942 563 1062 601 animi
1092 575 1186 601 esse
1213 564 1423 615 iudicavit,
1464 568 1533 618 qui
1561 566 1613 605 ad

253 625 436 661 universa
475 619 700 660 contuenda
736 633 935 672 nunquam
970 620 1234 668 eveheretur3
1270 618 1446 674 ideoque
1482 635 1506 662 a
1534 623 1611 662 So-

255 681 403 718 ciatica
429 679 514 717 veri
544 677 778 728 exquirendi
805 679 881 716 rati
884 689 961 715 one
992 679 1150 715 omnino
1179 677 1260 716 fuit
1287 678 1464 728 alienus,
1492 681 1611 720 unice

253 737 485 775 rhetoricae
512 735 573 773 illi
604 734 786 782 deditus,
816 748 917 786 quae
948 734 1246 785 splendidarum
1273 747 1468 786 nugarum
1493 749 1626 788 egre-—

254 795 318 844 gia
357 797 444 832 erat
488 792 660 830 adiutrix
699 795 825 857 atque
858 792 1040 830 ministra
1063 787 1144 844 **).
1211 790 1447 832 Simillimus
1477 794 1613 854 igitur

253 851 425 902 Hippias
454 850 611 887 videtur
641 848 769 886 fuisse
798 848 848 886 iis
876 851 1108 886 nostrorum
1136 846 1367 897 hominum,
1397 850 1466 916 qui
1491 863 1610 889 accu-

253 912 380 947 ratam
410 906 680 956 subtilemque
720 905 965 953 doctrinam
1007 917 1084 955 qua
1113 905 1303 947 videlicet
1338 906 1421 957 ipsi
1455 903 1620 956 carent,

253 965 335 1003 alto
366 964 583 1015 supercilIo
623 962 910 1013 despicientes
931 961 1084 1000 nullum
1121 973 1202 1000 non
1239 962 1449 1003 literarum
1483 977 1609 1016 genus

253 1023 466 1073 attingunt,
496 1033 541 1058 ac
574 1024 769 1071 protenus
799 1019 902 1057 altos
933 1019 1102 1076 spirItus
1132 1022 1347 1070 sumente}
1366 1032 1435 1062 sm

253 1083 319 1117 tei
364 1082 524 1117 ceteros
569 1078 610 1115 in
656 1077 793 1114 intima
842 1075 1051 1116 doctrinae
1096 1064 1350 1127 penetralia
1370 1032 1610 1129 pervfflse

253 1136 496 1187 gloriantur,
535 1134 629 1172 dum
657 1134 819 1171 inteiim
848 1133 1082 1184 magnificas
1111 1133 1308 1172 iactantes
1337 1134 1534 1187 ampullas
1563 1147 1610 1174 ac
1640 1179 1645 1182 ,

252 1191 550 1243 sesquipedalia
593 1191 714 1228 verba
759 1190 931 1228 miscent
985 1189 1183 1244 quadrata
1220 1190 1434 1230 rotundis.
1491 1190 1609 1243 Quod

253 1253 388 1287 autem
417 1249 509 1287 talis
538 1248 686 1298 ingenii
713 1246 899 1285 homines
928 1246 1168 1298 plerumque
1196 1246 1337 1286 facere
1365 1247 1522 1297 solent,
1562 1252 1610 1288 ut

255 1307 376 1344 etiam
406 1305 590 1356 corporis
619 1304 759 1342 habitu
789 1307 831 1341 et
861 1307 1005 1342 ornatu
1034 1302 1228 1353 quandam
1252 1303 1468 1352 affectent
1478 1305 1608 1372 digni-

252 1367 378 1402 tatem
407 1366 528 1413 atque
556 1361 811 1412 gravitatem,
839 1360 947 1399 idem
977 1360 1098 1398 etiam
1127 1358 1301 1414 Hippias
1329 1358 1455 1413 fecit,
1483 1363 1608 1418 siqui-

252 1421 345 1459 dem
372 1419 531 1458 Platoni
568 1417 671 1456 fides
716 1416 900 1455 habenda
927 1420 993 1455 est
1010 1413 1114 1470 ***).
1173 1411 1366 1457 Studiose
1402 1419 1507 1461 enim
1536 1415 1608 1459 ille

250 1478 584 1516 vestimentorum
620 1475 773 1526 pariter
808 1477 929 1525 atque
959 1471 1323 1515 calceamentorum
1361 1471 1607 1543 elegantiam

251 1538 431 1574 sectatus
471 1536 559 1580 est,
603 1531 810 1583 voluitque
846 1535 1009 1570 externa
1047 1529 1209 1582 quoque
1245 1532 1430 1585 corporis
1467 1533 1619 1584 specie.

249 1591 377 1630 videri
404 1590 578 1642 pulcher
605 1592 728 1640 atque
754 1587 911 1639 bellus,
949 1600 1027 1640 quo
1056 1587 1122 1626 vel
1149 1587 1305 1639 figurae
1326 1601 1431 1643 ,suae
1457 1584 1606 1642 'adspea

250 1652 363 1695 ctus,
402 1647 508 1699 quali
546 1649 659 1685 esset
698 1646 883 1697 ingenio,
929 1656 1254 1696 unumquemque
1290 1645 1509 1687 certiorem
1542 1646 1606 1691 fa-

250 1708 379 1745 ceret.

361 1760 501 1812 Itaque
525 1759 736 1811 singularis
767 1757 958 1810 profecto
986 1757 1160 1797 hominis
1188 1759 1339 1799 vanitas
1369 1747 1472 1808 fuit,
1502 1772 1605 1826 quae

250 1820 349 1858 satis
386 1818 553 1868 multam
596 1817 814 1882 largiretur
856 1815 1063 1854 cavillandi
1101 1811 1339 1868 ridendique
1384 1814 1603 1861 materiam.

249 1877 333 1915 Sed
361 1866 489 1914 multo
528 1876 649 1913 etiam
678 1874 804 1924 magis
840 1872 1007 1911 ridicula
1035 1873 1121 1911 eius
1150 1885 1323 1923 persona
1351 1875 1509 1917 exstitit
1538 1886 1603 1925 eo,

248 1933 356 1985 quod
393 1945 484 1971 cum
514 1933 599 1970 ista
633 1931 821 1969 iactantia
860 1933 902 1967 et
935 1929 1110 1967 vanitate
1137 1927 1187 1983 †)
1228 1927 1438 1970 coniuncta
1472 1931 1514 1970 in
1554 1941 1604 1970 eo

203 2036 206 2037 ⁷
249 1990 330 2029 fuit
368 1989 610 2028 admirabilis
658 1987 851 2038 quaedam
890 1986 1056 2024 fatuitas
1098 1986 1325 2039 stolidaquc
1363 1989 1601 2039 arrogantia.

247 2045 490 2098 Splendidus
530 2047 635 2084 enim
663 2048 832 2095 nugator
861 2042 954 2081 dum
983 2044 1121 2081 nescio
1152 2056 1269 2094 quam
1298 2041 1505 2089 doctrinae
1533 2057 1602 2083 co-

247 2106 354 2156 piam
385 2107 427 2141 et
455 2103 683 2141 ubertatem
711 2101 883 2140 iactabat
913 2100 1186 2151 sublimesque
1214 2113 1260 2138 ac
1290 2094 1601 2160 dithyrambicas

247 2161 527 2199 declamitabat
564 2159 806 2206 sententias,
854 2170 972 2208 quam
1007 2161 1122 2205 recte
1162 2170 1340 2209 vereque
1379 2170 1453 2206 ea,
1499 2171 1601 2215 quae

247 2220 287 2256 in
324 2218 498 2255 medinm
540 2217 754 2264 afferebat,
803 2215 1054 2262 dicerentur,
1104 2215 1265 2253 minime
1305 2214 1479 2263 curavit,
1521 2205 1598 2253 ‹ie-

245 2274 490 2324 finiendique
539 2273 785 2324 diligentiam
829 2272 932 2309 adeo
978 2283 1059 2309 non
1104 2271 1246 2318 habuit
1288 2269 1513 2337 cognitam,
1554 2275 1601 2311 ut

244 2335 422 2370 mentem
459 2343 482 2368 a
519 2330 763 2381 singularum
800 2340 937 2367 lerum
976 2328 1255 2366 observatione
1291 2329 1356 2367 vix
1383 2341 1429 2368 ac
1455 2341 1509 2368 ne
1535 2330 1599 2368 vix

245 2388 404 2439 quidem
445 2386 494 2424 ad
524 2387 747 2426 οοιιιιιιιιιιίιι
775 2398 910 2424 rerum
941 2397 1090 2437 genera
1117 2375 1262 2436 posset
1291 2375 1480 2425 attollere
1500 2382 1597 2440 Η).

286 2520 331 2562 ⁸)
376 2519 483 2559 Hipp.
510 2519 591 2551 mai.
617 2520 704 2550 extr.

263 2577 304 2598 ὓ*
374 2577 458 2611 lbid

242 2577 328 2677 *¹¹⁸3
375 2634 482 2673 Hipp.
508 2633 588 2663 mai.
612 2642 644 2670 p.
669 2633 746 2665 291.
771 2634 811 2664 A.
838 2633 978 2673 Protag.
1002 2642 1035 2672 p.
1061 2634 1140 2666 315
1165 2634 1205 2665 Β.

283 2691 325 2735 †)
369 2690 573 2722 lactantiam
606 2689 757 2719 hominis
788 2689 894 2722 etiam
915 2690 1040 2729 Xeno
1051 2690 1172 2728 phun
1205 2690 1427 2724 adumbravit
1450 2692 1594 2725 Memor.

373 2739 443 2778 ιν,
469 2739 501 2767 4.

260 2794 327 2838 ††)
374 2794 477 2834 Hipp.
501 2791 580 2824 mai.
605 2794 694 2831 part.
721 2791 830 2832 prior.
