1650 2956
601 158 827 192 ...ιΧΧΥ
890 179 947 190 ...-

90 281 239 317 mento
267 271 442 315 dicenda
468 269 734 314 viderentur:
764 269 1046 326 copiosiorem
1075 272 1191 312 enim
1221 276 1262 314 et
1287 269 1456 325 plenio-

51 349 57 351 ⁴
90 345 183 374 rem
212 330 360 372 harum
391 342 539 371 rerum
569 327 898 384 explicationem
927 328 971 371 in
1012 327 1123 372 aliud
1162 335 1329 386 tempus
1369 326 1456 370 ‹lif-

90 383 313 435 fetendam
344 385 628 432 iudicavimus,

36 706 38 708 ,
97 637 372 705 *Codices
410 659 474 704 ad
512 659 651 703 hunc
688 659 893 704 librum
930 659 1140 703 excussi
1177 659 1228 704 hi
1266 668 1409 705 sunt:

95 775 429 819 Bodleianus
457 791 490 817 s.
520 773 870 825 Clarkianu-s,
914 774 983 830 qui
1016 780 1080 816 est
1110 775 1303 817 omnium
1333 790 1459 833 prae-

267 831 566 884 stantissimus,
611 830 837 873 coislinss
877 833 928 874 T.
966 832 1062 875 Vat.
1102 832 1149 876 A.
1181 833 1330 876 Venet.
1361 833 1464 882 ΛΞ

265 888 387 936 ΠΣ.
417 888 607 930 Pariss.
635 887 1150 932 BCDEFGHNOPT.
1181 889 1342 934 Palat.
1363 893 1461 933 Va-

267 945 424 987 tican.
461 945 797 989 Ambrosian.
837 944 1147 987 Florentini
1186 953 1374 1002 septem:
1423 963 1461 990 a.

269 1002 311 1044 b.
342 1016 376 1043 c.
409 1017 448 1058 g.
478 1001 520 1043 h.
550 1002 575 1045 i.
608 1003 661 1045 θ.
690 1001 1099 1044 Vindobonens.
1130 1017 1232 1045 sex:
1273 1006 1313 1045 1.
1345 1007 1386 1050 8.
1418 1009 1462 1052 4.

268 1062 310 1101 6.
339 1059 383 1099 Ἰ.
413 1075 465 1113 α,
495 1073 547 1100 ex
576 1058 725 1114 quibus
756 1073 877 1112 eum,
908 1072 1035 1116 quem
1081 1073 1159 1101 nos
1202 1062 1244 1110 6,
1285 1062 1463 1119 insigni-

270 1116 428 1166 vimus,
477 1114 763 1162 Bekkcrus
820 1116 864 1158 ‹1›
908 1115 1140 1172 appellavit.
1202 1115 1265 1157 Ad
1315 1119 1464 1177 Lysiae

205 1210 208 1215 ,
271 1173 508 1215 orationem
546 1171 909 1215 Hacnischius
956 1171 1146 1215 adhibuit
1185 1173 1308 1219 codd.
1349 1177 1462 1218 Go-

270 1228 488 1271 thanum
529 1236 571 1271 et
609 1229 1057 1272 Raudnicensem.
1115 1229 1466 1276 Duos'Mona-

271 1301 458 1329 censes
487 1286 570 1343 (11
603 1294 645 1328 et
674 1286 800 1341 407.)
830 1287 1236 1342 inspexitAstius.

214 1376 414 1433 Dialogus
454 1377 587 1419 editus
623 1384 665 1419 et
701 1378 1017 1419 commentariis
1059 1377 1281 1421 illustratus
1321 1387 1382 1422 est
1413 1381 1465 1423 ab

102 1434 432 1478 Heindorfio
483 1433 662 1478 Borolin.
704 1436 828 1477 1802.
869 1436 934 1486 8,,
979 1449 1083 1491 quae
1134 1435 1263 1477 editio
1305 1437 1359 1479 ita
1399 1438 1467 1480 in-

100 1492 250 1548 scripta
289 1498 372 1532 est:
419 1491 667 1532 Platonis
714 1490 935 1547 Dialogi
985 1498 1241 1548 quatuor,
1286 1494 1466 1551 Lysis,

102 1547 445 1600 Charmich,
475 1548 701 1603 Hippias
731 1549 923 1599 maior,
962 1548 1255 1601 Phaedrus,
1294 1566 1467 1593 anno-

102 1606 319 1648 tatione
350 1612 614 1661 perpetua
656 1604 962 1648 illustravit
993 1611 1070 1648 etc.
1130 1605 1283 1647 Denuo
1310 1610 1467 1650 curavit:

103 1669 146 1704 et
174 1661 398 1704 lectionem
430 1661 482 1704 ad
512 1668 754 1718 apparatum
787 1661 817 1702 l.
848 1661 1035 1705 Bekkeri
1074 1663 1311 1706 emendavit
1337 1658 1469 1708 Phil.-

103 1719 480 1763 Buttmannns.
513 1718 694 1760 Bet-olin.
728 1720 851 1762 1827.
881 1721 924 1763 8.
1271 1735 1275 1738 ·

215 1787 367 1830 Secuta
396 1793 456 1829 est
489 1787 665 1842 Phaedri
700 1787 828 1830 editio
858 1789 1084 1844 separatim
1122 1787 1232 1830 facta
1271 1789 1354 1832 hoc
1391 1792 1470 1833 snb

106 1843 252 1887 titulo:
311 1843 558 1887 Platonis
614 1843 898 1887 Phaedrus.
976 1845 1219 1896 Recenstiit,
1272 1847 1471 1891 Hermiae

105 1901 272 1945 scholiis
314 1916 336 1942 e
379 1901 474 1951 cod.
513 1901 678 1944 Monac.
720 1901 794 1943 XI.
837 1902 1001 1957 suisque
1033 1905 1345 1946 commentariis
1375 1905 1472 1947 illu-

105 1959 248 2001 stravit
298 1957 436 2016 Frid.
483 1958 672 2000 Astius.
715 1958 822 2014 Lips.
861 1961 983 2000 181⁰.
1024 1962 1064 2003 8.
1104 1961 1200 2001 mai.
1262 1961 1326 2002 Ad
1364 1961 1472 2003 hanc

106 2015 338 2058 editionem
366 2015 575 2071 pertinent
615 2015 1016 2068 Additamenta,
1054 2031 1157 2076 quae
1198 2017 1380 2059 Astius
1420 2019 1474 2060 ad

108 2072 262 2114 calcem
296 2071 465 2113 Politiae
495 2087 530 2113 a.
562 2073 687 2112 1814.
749 2073 908 2127 Lipsiae
938 2073 979 2113 in
1010 2072 1146 2114 lucem
1181 2075 1354 2116 emissae
1369 2076 1476 2117 sub-

108 2129 218 2171 iecit.
275 2130 439 2170 Verum
469 2127 606 2171 multo
637 2129 767 2184 magis
795 2129 886 2170 illos
921 2131 1250 2171 commentarios
1282 2131 1477 2187 locuple-

106 2186 208 2229 tavit
249 2186 418 2241 insignis
460 2185 650 2227 doctrina
692 2186 765 2237 vii-i
809 2187 1002 2243 Operum
1037 2186 1286 2231 Platonicor.
1326 2187 1379 2235 Τ.
1420 2189 1474 2233 Χ.

108 2242 219 2298 Lips.
265 2244 415 2294 1829„
463 2257 547 2298 quo
601 2241 1023 2298 comprehenduntur
1069 2245 1380 2299 copiosissimae
1432 2247 1475 2288 in

109 2298 349 2341 Phaedrum
395 2305 435 2340 et
467 2300 740 2355 Protagoram
770 2299 1075 2346 adnotationes.
1137 2301 1326 2357 Denique
1357 2301 1475 2344 idem

110 2356 173 2399 vir
206 2355 475 2398 doctissimus
516 2369 651 2411 nuper
687 2357 857 2398 tertium
900 2356 1029 2398 edidit
1072 2356 1307 2400 Phaedrum
1358 2359 1476 2406 brevi

111 2413 386 2456 annotatione
414 2413 679 2456 instructum.
709 2413 823 2470 Lips.
856 2415 979 2458 1830.
1012 2416 1052 2458 8.
1083 2415 1187 2459 min.

226 2493 446 2534 Praeterea
494 2493 796 2533 memorandus
845 2500 908 2535 est
965 2493 1071 2535 liber
1128 2495 1181 2536 ita
1231 2495 1477 2550 inscriptus:

112 2548 306 2606 Lysiae
356 2549 671 2591 Amatorius.
721 2550 890 2596 Graece.
938 2550 1146 2593 Lectionis
1189 2553 1387 2594 varietate
1435 2559 1478 2593 ct

114 2606 423 2649 commentario
454 2606 651 2648 instruxit
689 2605 776 2650 Ed.
814 2607 1097 2651 Haenisch.
1159 2609 1387 2650 Praemissa
1417 2615 1479 2650 est

116 2663 417 2706 commentatio
448 2663 501 2704 de
532 2670 704 2705 auctore
734 2664 956 2714 orationis,
995 2671 1138 2706 utrum
1169 2665 1313 2722 Lysiae
1345 2666 1398 2706 sit.
1429 2680 1480 2705 an

118 2719 313 2766 Platonis.
367 2719 554 2778 Lipsiae,
604 2721 728 2766 1827.
790 2720 1155 2765 Hacnischius
1225 2722 1479 2765 amatorium
