1670 2964
271 137 328 178 16
356 183 383 213 l
626 135 898 180 PLATONIS
927 135 1272 185 MENEXENUS

267 252 541 294 dobonensem
576 250 643 302 (Ι),
684 254 751 305 qui
780 257 846 293 est
873 255 989 296 nobis
1018 255 1133 298 Vind.
1165 259 1204 298 6.
1244 257 1510 302 Parisienses²
1535 261 1616 303 Bc

266 309 347 350 EF
360 311 408 349 Z.
461 310 771 365 >Ambrosianum
809 323 841 349 r.
877 311 1114 364 Angelicum
1150 328 1198 356 w·
1255 316 1342 358 Nos
1379 319 1442 358 usi
1479 330 1618 360 sumus

268 367 453 407 undecim
482 367 619 414 libris,
664 379 712 418 cx
742 368 884 418 quibus
913 369 1248 412 Vindobonenses
1279 375 1318 414 1.
1348 375 1390 414 4.
1418 375 1458 414 6.
1489 388 1514 415 a
1537 376 1616 417 Ba-

269 425 373 472 stio,
408 423 633 462 Florentini
671 436 706 462 a.
747 424 785 463 b.
824 436 859 463 c.
898 425 938 463 d.
978 439 1016 478 q.
1054 440 1089 466 v.
1129 441 1166 468 x.
1202 442 1236 468 z.
1266 443 1290 470 a
1319 431 1406 470 viro
1437 431 1524 471 Cel.
1550 433 1619 473 del

267 480 390 520 Furia
426 480 476 518 ad
508 479 631 518 fidem
671 480 858 521 editionis
898 480 1091 534 Stephan-
1137 486 1274 527 collati
1322 492 1427 528 sunt.
1485 489 1616 541 Quem

266 549 340 577 uos
370 536 547 587 diximus¹
570 536 687 577 Vind.
716 538 781 587 6.‚
823 550 916 579 cum
954 541 1133 581 excussit
1170 543 1292 585 etiam
1319 545 1538 590 Bekkerus
1572 551 1616 590 et

265 594 386 634 litera
420 591 465 635 Φ
492 594 656 634 notavit.
1161 610 1168 617 ·

990 687 1074 694 —---.-

377 729 589 770 Editiones
618 722 834 771 Menexeni
861 732 1087 784 peculiares
1118 733 1195 772 hae
1223 732 1357 776 factae
1382 729 1491 778 sunt.

377 786 621 827 Platonis
649 787 970 828 Menexenus
1001 793 1053 829 et
1093 789 1286 842 Lysiae
1323 790 1615 837 oratio'fu-

263 843 449 884 nebris
495 857 586 883 cum
621 845 808 884 versione
846 845 1052 898 Philelphi
1081 851 1123 886 et
1152 845 1351 890 brevibus
1383 850 1504 892 notis.
1547 853 1610 894 ed.

262 899 415 940 Mich.
459 901 710 941 Busteed.
764 902 1055 956 Cantabrigiae.
1106 902 1229 944 1696.
1259 906 1327 946 12.
1384 905 1504 949 Hunc
1533 922 1613 963 ego

186 998 194 1007 ,-
259 956 409 998 librum
435 970 633 1010 nunquam
662 958 753 998 vidi.

377 1014 619 1054 Platonis
647 1015 967 1056 Menexenus
999 1020 1052 1056 et
1080 1015 1308 1058 Periclis
1341 1017 1614 1073 Thucydi-'

263 1070 348 1110 dei
377 1073 551 1111 oratio
581 1072 836 1113 funebris.
886 1073 1111 1113 Recensuit
1139 1077 1182 1112 et
1208 1075 1615 1118 animadversionibus

262 1128 479 1168 illustravit
521 1128 623 1168 loh.
678 1129 792 1179 Chr-2
843 1130 918 1169 Go
934 1130 1152 1170 ttleber.
1193 1129 1370 1184 Lipsiae.
1405 1133 1528 1174 1782.
1569 1131 1615 1174 8.

260 1184 352 1225 mai.
375 1218 379 1222 .
410 1185 548 1224 Editio
578 1198 653 1237 pro
682 1187 764 1225 illis
795 1187 1045 1238 temporibus
1075 1199 1290 1238 sanequam
1321 1191 1504 1242 egregia,
1547 1192 1612 1231 cui

261 1242 434 1294 plurima
469 1242 684 1290 debemus,
728 1256 830 1294 quae
867 1243 917 1282 ad
957 1256 1094 1283 rerum
1133 1248 1339 1296 gestarum
1378 1248 1611 1289 memoriam

259 1298 538 1339 illustrandam
566 1298 812 1338 referuntur.

267 1354 270 1357 ’
375 1354 585 1394 Platons
624 1354 944 1395 Menexenus
986 1356 1041 1396 im
1079 1356 1323 1406 Grundriss,
1369 1359 1491 1400 nebst
1526 1361 1609 1404 An.-

260 1413 510 1464 merkungen
538 1424 614 1451 von
642 1411 670 1450 Ι.
699 1411 753 1450 Η.
782 1412 904 1452 lust.
938 1412 1166 1465 Koppen.
1209 1413 1347 1454 Berlin
1376 1430 1419 1456 u.
1445 1417 1610 1465 Stettin.

259 1469 385 1510 1791).
416 1470 455 1508 8.
486 1470 601 1508 min.·
636 1468 803 1508 Librum
831 1469 930 1509 mihi
956 1482 1036 1509 non
1064 1471 1234 1522 contigit
1262 1484 1358 1511 esse
1385 1477 1468 1514 tam
1495 1474 1611 1515 felici

257 1530 305 1566 ut
333 1526 471 1565 videre
492 1527 650 1565 liceret.
708 1526 908 1576 Quantum
928 1530 1063 1566 autem
1084 1527 1292 1579 suspicor,
1319 1541 1400 1569 non
1419 1531 1491 1571 ille
1512 1539 1610 1573 con-

257 1585 363 1624 tinet
389 1584 523 1635 ipsum
559 1582 853 1632 Menexenum,
898 1584 971 1623 sed
1007 1584 1295 1635 complectitur
1330 1588 1484 1627 tantum
1521 1590 1608 1630 eius

257 1641 465 1694 epitomen
496 1640 735 1680 Germanice
761 1641 952 1693 scriptam
981 1641 1203 1680 subiunctis
1231 1644 1565 1686 annotationibus.

371 1697 615 1738 Platonis
653 1697 994 1738 Menexenus.
1050 1696 1294 1747 Recensuit,
1325 1712 1349 1738 e
1379 1699 1536 1741 Graeco
1564 1704 1611 1748 in

255 1755 443 1795 Latinum
494 1755 693 1794 convertit
736 1758 780 1794 et
801 1763 804 1765 ’
825 1755 1122 1794 commentariis
1173 1754 1389 1806 illustravit
1447 1757 1605 1800 Vitns

254 1813 402 1853 Lors.
459 1811 571 1852 Inest
598 1813 650 1851 de
677 1811 747 1851 Fr.
775 1812 883 1851 Astii
912 1811 1132 1860 sententia,
1177 1809 1449 1854 Menexenum
1477 1828 1556 1855 non
1583 1830 1607 1856 a

255 1869 426 1910 Platone
455 1870 651 1923 scriptum
681 1881 796 1919 essez,
825 1868 1122 1909 commentatio.
1171 1867 1367 1910 Coloniae
1394 1871 1445 1911 ad
1470 1871 1606 1914 Rhen.

254 1927 382 1967 1824.
412 1925 452 1964 8.
488 1940 495 1951 ·

366 1982 605 2022 Platonis
634 1980 848 2034 Dialogi
878 1985 1124 2035 quatuor,
1153 1981 1380 2033 Laches,
1408 1982 1603 2038 Euthy-

256 2041 413 2093 phro‚
444 2039 696 2091 Apologia
734 2038 999 2088 Socratis,
1039 2039 1372 2079 Menexenus.
1427 2040 1606 2081 Annota-

254 2100 367 2137 tione
396 2100 596 2148 perpetua
624 2096 841 2136 illustravit
867 2096 944 2136 Fr.
983 2096 1120 2136 Guil.
1156 2096 1488 2149 Engelhardt.
1524 2098 1604 2139 Be-

252 2156 370 2195 rolin.
403 2152 527 2192 1825.
558 2153 597 2191 8.
626 2153 715 2192 mai.

365 2211 428 2250 Ab
458 2210 523 2248 his
553 2210 793 2249 editionibus
823 2211 965 2262 quibus
992 2210 1034 2251 in
1062 2210 1244 2264 partibus
1267 2212 1406 2249 nostra
1421 2209 1602 2258 recedat,

253 2269 439 2320 quoniam
469 2267 691 2318 prudentes
718 2267 897 2307 lectores
926 2267 1048 2308 facile
1078 2281 1151 2308 sua
1180 2271 1327 2319 sponte
1355 2266 1600 2306 animadver-

251 2328 354 2373 tent,
388 2323 519 2362 fusius
551 2336 755 2374 exponere
780 2326 1124 2379 'superyacaneum
1153 2329 1352 2376 putamus.
1409 2321 1513 2362 Illud
1538 2326 1601 2361 ta-

250 2383 345 2420 men
371 2381 474 2432 grati
502 2380 765 2431 profitemur,
805 2394 881 2421 nos
922 2381 1022 2434 ipsis
1054 2394 1212 2433 quoque
1240 2392 1320 2419 non
1349 2379 1436 2418 sine
1463 2379 1600 2419 fructu

248 2448 347 2477 usos
378 2450 485 2476 esse.
544 2436 744 2476 Nonnulla
771 2450 868 2476 vero
906 2438 998 2490 ipse
1033 2439 1111 2477 iam
1152 2447 1438 2488 occupaveram
1479 2435 1600 2476 Com-

248 2498 418 2535 mentar.
450 2493 567 2532 Gritt.
600 2494 648 2532 T.
679 2493 747 2532 XI.
781 2486 886 2546 Opp'.
916 2495 1070 2534 Platon.
1105 2509 1144 2547 p.
1179 2494 1260 2534 131
1291 2505 1377 2543 sqq.

362 2551 571 2589 Convertit
608 2550 716 2590 hunc
766 2551 913 2590 librum
955 2552 1197 2591 Germanice
1244 2549 1598 2589 Schleierma-

248 2609 436 2649 cherus
476 2606 582 2658 Opp.
618 2606 739 2647 Platt.
778 2608 940 2651 Volum.
979 2608 1027 2649 Π.
1065 2607 1204 2648 P.111.
1248 2619 1289 2661 p.
1318 2604 1403 2646 365
1430 2618 1516 2659 sqq.
1557 2609 1600 2648 et

249 2666 345 2708 edit.
374 2664 421 2704 Π.
452 2677 493 2718 p.
521 2663 607 2704 378
634 2676 721 2716 sqq.
