1650 2956
726 155 783 166 ..ἢ
871 128 1053 167 vt...

218 242 507 287 declamationi
536 243 860 302 pulcherrimam
890 238 1071 303 opponit
1105 244 1363 296 orationem,‘
1399 245 1575 304 quadi-

217 301 312 350 vini-
330 302 388 343 vis
416 304 571 343 amoris
600 303 685 357 pari
714 301 936 344 subtilitate
967 310 1088 358 atque
1119 302 1316 357 elegantia
1335 302 1574 347 illustratur..

219 357 347 399 Cuius
385 359 583 400 orationis
620 365 933 411 argumentum,
976 360 1066 416 quia
1105 373 1304 414 magnum
1344 373 1444 402 sane
1479 369 1585 401 ruo-r.

217 421 409 455 mentum
447 414 545 455 facit
575 414 625 454 ad
667 414 785 455 huius
819 413 911 456 libri
940 416 1187 457 sententiam
1219 423 1258 457 et
1286 415 1578 460 omnem-sere

217 469 397 511 Platonis
432 470 740 526 philosophiam
767 478 879 512 recte
905 472 1238 527 percipiendam,
1268 471 1406 528 paullo
1425 473 1580 528 copio-

218 525 302 568 sius
332 527 580 570 enarravisse
611 541 698 567 non
729 527 807 568 erit
835 526 979 569 inutile
1008 524 1159 571 aut'ab
1203 535 1350 570 nostro
1388 528 1579 571 instituto

219 581 414 625 alienum.
1343 608 1345 612 <
1591 608 1593 611 ·

334 637 463 689 Quod
500 638 625 694 igitur
665 638 855 681 Socrates
898 637 1116 695 superiore
1156 637 1450 695 disputatione·
1475 653 1583 697 pro-

221 695 502 744 nuntiaverat,
540 710 729 737 amorem
767 696 863 738 ideo
893 710 981 737 esse
1011 695 1316 747 damnandum,
1353 698 1451 752 quia
1475 711 1584 739 oon-

221 751 426 793 tineretur
453 751 604 792 insania
635 752 813 807 quadam
844 758 886 794 et
912 751 1080 801 furore,
1111 751 1152 791 id
1183 765 1296 792 nunc
1323 753 1583 796 numenium

222 807 533 850 retractandum
564 816 715 851 censet.
776 808 1009 863 Obtingunt
1042 806 1185 858 nobis,
1216 808 1373 863 inquit,
1401 807 1583 853 maxima

222 863 436 905 bonorum
465 878 545 919 per
573 863 763 906 furorem
793 865 933 908 divino
963 864 1146 919 quodam
1177 878 1352 906 munere
1395 865 1584 906 homini-

224 919 301 961 bus
339 920 509 973 datum,
557 926 596 961 ct
636 922 722 977 ipsa
756 917 946 975 μαντικὴ
984 933 1140 960 nomen
1178 920 1332 962 invenit
1371 935 1394 962 a
1431 924 1584 976 μανίᾳ,

223 976 336 1032 quasi
370 973 536 1031 μανικὴ
574 977 786 1032 quaedam.
846 975 1061 1018 Eiusmodi
1102 982 1241 1017 autem
1280 975 1439 1018 furoris
1498 976 1586 1019 lura

221 1038 318 1073 sunt
341 1047 516 1088 genera,
545 1033 587 1074 in
617 1033 764 1088 quibus
795 1033 919 1074 etiam
951 1046 1070 1073 amor
1098 1031 1383 1074 numerandus
1411 1033 1447 1076 v'
1480 1040 1587 1085 etur,

226 1103 354 1144 quem
390 1103 583 1130 summae
610 1089 816 1131 felicitatis
845 1102 965 1130 causa
995 1087 1234 1129 hominibus
1265 1089 1482 1131 tributum,
1500 1103 1587 1136 esee

227 1159 391 1187 censeo.
450 1144 534 1186 Sed
565 1144 646 1186 hoc
682 1147 819 1202 ipsum
860 1159 942 1201 quo
984 1145 1129 1185 clarius
1165 1146 1459 1200 perspiciatur,
1501 1159 1588 1200 nge,

225 1215 430 1258 quaenam
460 1203 511 1242 sit
541 1202 600 1244 vis
634 1208 674 1244 et
703 1208 848 1242 natura
877 1201 1003 1242 animi
1032 1199 1203 1242 humani
1231 1215 1279 1242 ac
1316 1201 1466 1254 divini,
1509 1215 1591 1244 ex-

226 1259 390 1314 quirere
419 1257 665 1299 conabimur
695 1258 766 1310 (P.
794 1259 892 1298 245.
923 1257 969 1298 B.
984 1261 1012 1307 ).
1295 1270 1298 1272 ·
1499 1299 1502 1301 Α
1531 1294 1538 1301 .

339 1313 392 1354 Et
422 1314 606 1369 primum
637 1315 808 1369 quidem
848 1313 1034 1356 animum
1071 1326 1247 1356 omnem
1289 1319 1462 1368 apparet
1503 1328 1591 1365 esse

226 1368 534 1420 immortalem,
573 1378 814 1426 propterea*
835 1368 949 1425 quod
988 1369 1243 1424 principium
1281 1375 1422 1411 motus
1454 1369 1520 1412 sui
1549 1370 1591 1412 in

225 1439 270 1466 se
299 1425 392 1481 ipso
421 1425 556 1469 habet.
595 1426 638 1469 P.
666 1428 763 1468 245.
795 1425 842 1466 C.
879 1450 937 1456 —
963 1427 1059 1466 246.
1089 1427 1134 1466 A.
1163 1449 1222 1456 —-
1277 1424 1359 1465 Sed
1400 1439 1503 1480 quae
1535 1426 1593 1468 -sit

229 1482 318 1537 ipsa
357 1482 442 1523 eius
483 1489 655 1533 natura,
695 1482 735 1523 id
777 1482 871 1534 quia
905 1481 1142 1537 patefacere
1183 1486 1244 1522 est
1284 1480 1591 1530 difficillimum,
1637 1486 1643 1489 ’

186 1539 188 1541 ’
228 1538 419 1592 imaginis
447 1539 662 1580 involucro
693 1538 752 1579 uti
783 1536 931 1578 licebit.
989 1537 1051 1579 Sit
1089 1537 1212 1592 igitur
1254 1538 1417 1581 animus
1455 1539 1594 1579 omnis

229 1593 463 1636 simillimus
491 1595 596 1651 bigis
627 1594 737 1635 alatis
767 1608 862 1635 cum
895 1593 1032 1648 auriga
1060 1608 1146 1634 suo.
1208 1591 1260 1633 Et
1289 1593 1467 1640 deorum
1528 1594 1594 1636 ui-
1639 1639 1650 1642 q,

230 1650 329 1692 dem
360 1652 455 1706 equi
485 1658 526 1692 et
555 1652 719 1706 aurigae
748 1650 866 1690 omni
895 1664 950 1690 ex
980 1656 1096 1705 parto
1127 1647 1299 1705 perfecti
1340 1656 1450 1691 sunt.
1496 1681 1499 1685 .
1533 1646 1650 1704 fide}

230 1706 304 1747 alia
333 1708 438 1759 ratio
472 1714 529 1748 est
559 1715 794 1750 ceterorum
825 1705 1134 1756 vehiculorum,
1163 1706 1310 1760 quibus
1340 1719 1444 1747 unus
1466 1704 1601 1761 equite.

230 1762 367 1804 bonus
397 1770 456 1804 est
486 1764 672 1814 iunctim,
701 1762 803 1804 alter
832 1761 964 1803 malus
993 1769 1034 1803 ct
1062 1768 1316 1813 contumax,
1357 1769 1403 1803 ut
1430 1763 1594 1817 aurigae

230 1819 457 1874 imperium
487 1819 580 1876 plus
611 1819 744 1860 multo
791 1817 938 1859 habeat
979 1817 1244 1859 difficultatis·
1301 1817 1367 1859 Ex
1406 1833 1491 1873 quo
1529 1820 1596 1860 in-

231 1874 449 1930 telligitur,
489 1877 556 1931 qui
590 1875 746 1917 sactum
778 1875 852 1923 sit,
893 1881 939 1914 ut.
967 1873 1138 1915 humani
1169 1875 1296 1914 animi
1328 1873 1429 1918 olim
1461 1874 1597 1916 tabem

232 1933 530 1973 contraxerint.
587 1932 784 1986 Magnum
826 1930 939 1970 enim
974 1929 1191 1971 intercedit
1235 1930 1458 1972 discrimen
1488 1932 1598 1973 inter

233 1987 411 2030 mortale
441 1988 591 2030 animal
621 1995 742 2043 atque
776 1986 1023 2030 immortale.
1081 1985 1254 2041 Quippe
1282 1987 1441 2028 animus
1461 1987 1598 2031 omnis

233 2051 480 2095 naturasua
521 2051 633 2086 curat
674 2051 794 2099 atque
835 2043 937 2098 regit
977 2057 1044 2092 ea,
1085 2056 1188 2097 quae
1228 2049 1326 2082 suut
1365 2043 1600 2093 inanimata,

236 2107 458 2156 totumque
500 2101 703 2142 mundum
745 2099 819 2140 alia
857 2106 979 2153 atque
1011 2098 1084 2138 alia
1127 2097 1262 2139 forma
1302 2098 1467 2142 indutus
1499 2113 1600 2155 pcr-

234 2164 358 2197 meat.
417 2157 631 2207 Quamdiu
664 2158 785 2212 igitur
815 2162 955 2196 manet
986 2153 1194 2211 perfectus
1224 2161 1262 2194 et
1288 2154 1438 2206 alatus,
1466 2154 1603 2197 subli-

234 2213 314 2253 mis
346 2211 502 2259 fertur.
541 2227 768 2269 rerumque
807 2212 1120 2253 universitatem
1157 2209 1380 2265 gubernat3
1417 2211 1492 2254 sed
1531 2210 1600 2252 alis

235 2269 393 2311 amissis
425 2270 531 2310 cadit
561 2270 784 2318 deorsum,
818 2269 953 2309 donec
985 2267 1149 2321 aliquod
1181 2265 1334 2322 corpus
1362 2274 1508 2314 nactus
1537 2268 1602 2317 sit,

235 2326 278 2367 in
313 2339 396 2380 quo
434 2326 577 2366 sedem
611 2326 722 2379 (masi
761 2339 879 2365 suam
919 2339 963 2364 ac
999 2322 1254 2369 domicilium
1298 2322 1425 2377 ligans
1460 2322 1602 2377 ltaque

237 2382 421 2422 animum
456 2396 550 2422 cum
583 2395 762 2435 corpore
791 2379 1031 2434 copulatum
1063 2378 1210 2419 animal
1244 2378 1419 2419 mortale
1449 2378 1603 2423 inietti÷

238 2438 392 2492 gimus:
423 2437 492 2478 sed
525 2437 674 2478 animal
705 2435 942 2477 immortale
973 2434 1250 2475 informamus
1282 2433 1439 2481 Deum,
1470 2449 1602 2489 quan-

239 2508 364 2549 quam
398 2494 483 2534 eius
515 2494 722 2538 notitiam,
753 2492 786 2533 si
816 2506 961 2533 verum
991 2492 1248 2547 quaerimus,
1278 2488 1476 2534 habemus
1507 2490 1603 2531 nul-

240 2549 338 2591 lam.
374 2549 414 2590 Ρ.
444 2551 529 2590 246
575 2551 604 2588 A
632 2574 678 2580 -
702 2548 754 2590 1).

351 2603 492 2659 Itaque
531 2606 722 2646 Socrates
758 2604 886 2645 animi
930 2602 1099 2644 humani
1147 2616 1236 2642 eam
1282 2607 1474 2645 naturam
1517 2616 1604 2644 csse

242 2661 352 2714 vult,
394 2676 519 2716 quam
557 2663 598 2703 in
635 2661 750 2703 libris
789 2660 852 2702 Dc
882 2659 1109 2716 Republica
1139 2658 1407 2700 meminimus
1431 2672 1606 2703 ⁴accusa--
