1670 2964
737 152 757 193 1
786 151 834 193 Ο.
1369 148 1458 191 285

83 273 325 319 hensionem
362 273 519 314 tantum
546 269 587 308 in
618 281 765 323 pravos
795 270 1041 322 ineptusque
1079 270 1267 319 cantores
1306 265 1455 308 cadere

85 336 252 375 statuat.
319 327 425 370 illud
459 339 558 366 vero
596 327 813 367 tenendum
853 329 994 380 utique
1021 321 1291 373 arbitramur,
1333 336 1454 363 vero-

84 403 176 432 rum
213 386 376 442 quidem
415 389 631 439 poetarum
671 385 856 425 laudibus
895 385 1005 424 nulla
1044 396 1092 437 er
1130 386 1248 434 parte
1288 383 1328 421 in
1357 381 1456 420 Ione

85 445 332 496 obtrectari,
359 442 537 494 ideoque
564 443 755 484 iudicium
781 442 859 483 hac
888 442 941 482 de
969 454 1017 481 re
1046 441 1286 481 arctioribus
1307 440 1456 479 finibus

87 516 185 547 ene
212 500 635 544 circumscribendum.

127 610 131 614 ι
166 581 170 584 >
201 561 474 613 Exposuimus
495 558 676 598 Platonis
691 556 744 597 de
762 556 906 596 viliore
924 555 996 595 illo
1015 555 1280 596 enthusiasmi
1302 559 1457 607 genere

87 619 357 667 sententiam,
395 629 514 668 quam
548 617 591 656 in
626 615 706 654 hoc
746 626 874 667 opere
913 613 1141 653 adumbrari
1181 618 1225 653 et
1262 611 1459 664 explicari

88 677 207 718 nobis
245 675 534 729 persuasimus.
593 671 812 725 Sequitur,
850 675 897 711 ut
926 671 1139 710 dicendum
1176 672 1230 710 sit
1271 670 1322 709 de
1361 670 1457 708 rha-

90 733 313 794 psodorum
330 733 534 781 irrisione,
563 743 682 781 quam
712 742 804 769 cum
831 729 940 768 illius
958 729 1186 781 argumenti
1214 728 1458 767 tractatione

88 791 320 832 arctissime
357 802 453 830 esse
492 788 747 828 coniunctam
776 790 897 826 antea
925 787 1199 826 iudicavimus.

203 847 383 891 Videtur
427 850 565 886 autem
602 844 875 898 philosophus
920 844 1075 883 nullum
1108 843 1216 883 aliud
1251 842 1460 882 hominum

90 917 220 961 genus
243 905 380 958 aptius
418 905 607 956 potuisse
647 902 832 954 deligere
868 900 919 940 ad
948 901 1231 940 declarandum
1261 901 1323 950 id,
1352 899 1460 952 quod

90 963 263 1004 maxime
290 961 476 1011 volebat,
507 974 624 1014 quam
653 959 905 1011 rhapsodos,
945 959 1012 1010 qui
1041 963 1255 1012 poetarum
1286 959 1462 999 carmina

91 1023 295 1075 perpetuo
334 1019 528 1059 orationis
565 1018 732 1058 flumine
775 1016 1013 1056 memoriter
1059 1017 1285 1055 recitabant
1332 1027 1462 1068 eaque

93 1090 142 1120 re
179 1077 340 1118 laudem
368 1077 601 1128 victumque
630 1074 878 1127 quaerebant
893 1070 951 1129 *).
1011 1072 1150 1112 Omnis
1181 1074 1287 1113 enim
1318 1086 1460 1113 eorum

92 1148 177 1185 ars,
207 1147 331 1188 quum
359 1133 410 1173 ad
429 1131 700 1186 colligendam
729 1131 976 1171 audientium
1005 1132 1175 1183 gratiam
1207 1135 1321 1170 esset
1349 1143 1461 1170 com-

92 1196 260 1247 parata,
289 1195 427 1232 tamen
456 1190 539 1230 illis
568 1189 731 1242 quidem
762 1189 1013 1241 temporibus
1045 1189 1184 1227 multis
1225 1189 1462 1241 magnisque

72 1251 203 1291 vitiis
238 1249 462 1289 laborabat.
529 1246 774 1287 Incedebant
818 1247 1005 1287 homines
1042 1246 1282 1298 plerumque
1322 1247 1462 1298 splen-

84 1307 190 1359 ,dide
216 1306 380 1355 vestiti,
416 1303 492 1345 sed
519 1305 604 1355 ita,
647 1309 694 1344 ut
722 1305 936 1356 magnifica
962 1305 1088 1343 vestis
1118 1304 1318 1356 insignem
1348 1317 1462 1344 men-

95 1366 150 1406 ti·
189 1367 402 1416 stuporem
437 1363 636 1415 obtegere
663 1362 882 1402 videretur.
941 1360 1046 1400 Dum
1076 1362 1182 1400 enim
1212 1363 1323 1401 suavi
1350 1363 1463 1401 vocis

94 1421 394 1469 modulatione,
422 1424 612 1473 gestuum
640 1420 932 1472 applicatione,
973 1419 1186 1458 ambitiosa
1217 1420 1464 1461 histrionum

96 1480 324 1521 imitatione
336 1475 403 1532 **)
433 1478 605 1518 affectus
643 1478 891 1517 audientium
930 1477 1091 1516 ciebant
1127 1478 1287 1529 ipsique
1317 1479 1462 1530 spiritu

96 1534 271 1592 poetico
296 1535 450 1588 repleti
488 1538 532 1575 et
567 1536 708 1588 agitati
742 1535 870 1575 videri
898 1533 1110 1585 volebant,
1140 1548 1216 1575 nec
1244 1536 1369 1576 ullam
1395 1540 1464 1576 te-

96 1596 246 1637 nebant
273 1594 372 1634 artis
399 1593 598 1632 rationem
630 1596 674 1632 et
701 1594 882 1645 speciem
919 1593 1060 1632 nescio
1089 1594 1204 1633 cuius
1235 1595 1463 1646 sapientiae

95 1656 220 1706 atque
247 1651 456 1691 doctrinae
484 1653 644 1690 temere
672 1663 774 1702 prae
803 1663 849 1690 se
874 1650 1076 1690 ferebant.
1134 1650 1237 1690 Nam
1263 1653 1342 1691 etsi
1371 1666 1464 1693 cum

98 1711 321 1751 carminum
347 1708 591 1748 recitatione
619 1709 741 1748 etiam
783 1709 1163 1761 interpretationem
1194 1721 1335 1749 eorum
1366 1723 1464 1750 con-

98 1769 270 1820 iungere
295 1765 431 1806 conati
460 1765 564 1816 sint,
599 1766 707 1818 quod
735 1767 933 1818 suspicari
961 1767 1087 1819 magis
1127 1780 1244 1818 quam
1286 1768 1464 1820 probare

99 1825 223 1874 licet,
259 1823 363 1864 haec
403 1823 495 1875 ipsa
534 1827 670 1864 tamen
704 1836 785 1863 non
816 1824 906 1871 fuit.
925 1824 976 1862 ad
1004 1825 1103 1863 artis
1132 1823 1197 1862 vel
1227 1824 1466 1878 disciplinae

99 1882 284 1935 regulam
319 1880 536 1930 adstricta,
578 1881 653 1920 sed
691 1882 816 1921 meria
849 1882 1132 1921 continebatur
1161 1881 1468 1923 declamationi-

22 1973 29 1977 ,
96 1941 177 1981 bus
218 1952 291 1981 ex*
305 1942 478 1991 pectore
507 1938 775 1978 enthusiasmi
812 1951 1107 1991 saepenumero
1137 1940 1314 1979 simulati
1342 1942 1467 1993 pleno

101 2001 261 2038 temere
288 1995 469 2050 profusis
487 1993 597 2050 ***).·
651 1995 744 2035 Huc
769 1997 1011 2046 accedebat,
1051 1997 1158 2050 quod
1189 1999 1364 2038 omnium
1398 2012 1467 2038 re-

99 2068 192 2095 rum
229 2067 255 2094 a
297 2054 435 2106 poetis
478 2058 883 2093 commemoratarum
933 2055 1057 2106 periti
1091 2054 1221 2094 videri
1264 2057 1467 2107 volebant,

101 2112 196 2165 quia
225 2111 387 2153 scilicet
417 2109 471 2153 de
491 2112 678 2153 omnibus
707 2111 1029 2154 declamitabant.
1087 2112 1291 2165 Quocirca
1317 2109 1468 2156 miran-

171 2357 216 2404 *)
240 2361 295 2393 De
329 2360 527 2401 Rhapuodin
567 2364 708 2404 praeter
743 2364 1004 2407 Dreaigium
1045 2367 1236 2399 comment.
1276 2365 1386 2400 critic.
1428 2365 1470 2399 de

238 2407 445 2462 lepaodin.
477 2409 570 2449 Lips.
607 2412 707 2442 1734.
731 2414 783 2452 4.,
809 2419 910 2449 quam
936 2421 1000 2443 nec
1023 2414 1107 2443 mihi
1133 2412 1290 2444 nancisci
1310 2413 1472 2453 contigit,

241 2453 464 2493 disputarunt
498 2456 678 2489 subtiliter
706 2456 774 2487 Fr.
807 2459 844 2490 A.
877 2458 1010 2490 Wolf.
1043 2459 1204 2499 Prolegg.
1239 2459 1282 2490 ad
1308 2461 1409 2491 Hom.
1436 2469 1471 2500 p.

237 2499 355 2531 XCIX
378 2510 452 2540 nqq.
478 2506 515 2534 et
541 2504 610 2536 Gr,
637 2503 750 2534 Guil.
776 2503 978 2535 Nitznch.
1027 2505 1232 2541 Quaestion.
1262 2506 1403 2537 Homer.
1435 2516 1471 2545 p.

130 2590 133 2592 ‚
235 2546 295 2579 IV.
319 2556 354 2586 p.
380 2547 434 2579 13.
454 2557 528 2588 sqq.
547 2550 668 2581 More·
692 2548 868 2580 hominum
885 2551 1172 2594 qualennPJatoni·
1192 2551 1325 2584 fuerint
1342 2556 1472 2594 aetate,

194 2603 198 2608 ’
238 2591 383 2633 vex-ipso
408 2595 493 2625 lone
519 2595 648 2635 optime
672 2595 840 2635 cogno-ci
863 2595 1089 2631 arbitramur.

146 2646 213 2690 ’Ὅ
236 2649 278 2681 V.
301 2659 336 2690 p.
364 2652 442 2686 532.
468 2653 510 2686 D.
538 2654 574 2684 ot
599 2654 675 2686 535.
702 2653 745 2684 E.

131 2714 218 2759 ooo)
241 2717 346 2754 Quod
369 2718 444 2751 dixi
469 2719 534 2751 hoc
560 2720 736 2753 coniicere
760 2722 860 2755 nobis
885 2722 1004 2765 licere,
1033 2733 1077 2756 ne
1103 2724 1179 2764 quia
1198 2725 1327 2756 temere
1344 2723 1474 2756 dictum

241 2765 362 2807 putet,
393 2766 510 2806 nescio
542 2776 626 2798 nane
658 2777 807 2808 quonam
843 2769 917 2812 alio
955 2770 1056 2805 modo
1092 2772 1200 2804 ittam
1242 2769 1475 2815 πολυμαθίαν

245 2818 347 2844 uuam
372 2814 552 2846 ostentare
575 2814 772 2856 potuerint.
839 2815 842 2818 '
