1670 2964
737 157 756 208 1
785 157 835 208 ο,
1351 161 1438 204 283

67 290 214 325 semus
250 277 414 319 illorum
451 275 704 316 exn-insecus
741 274 894 321 feriant
931 277 976 315 et
1003 279 1295 316 commoveant.
1353 277 1435 318 Ita-

20 353 28 363 ·
67 349 149 388 que
183 337 302 376 hunc
315 334 650 383 ,enthusiasmum
690 333 823 373 divino
870 333 933 373 illi
979 335 1149 374 multum
1187 337 1435 387 postposuit,

67 395 252 445 adeoque
280 405 397 443 quam
427 393 617 443 exiguum
646 395 760 431 esset
779 392 818 430 ei
834 392 1009 443 pretium
1027 394 1297 442 statuendum,
1327 393 1436 432 haud

68 453 245 498 obscure
282 450 563 502 shgnificavit.
632 448 831 494 collectis
869 450 998 501 igitur
1025 452 1195 503 singulis
1225 453 1436 491 universae

67 508 355 560 disputationis
387 511 578 559 tanquam
616 508 777 558 punctis
815 506 923 545 haud
963 507 1137 554 absurde
1174 511 1290 549 nobis
1324 510 1437 549 vide-

69 580 161 612 mur.
190 570 374 606 statuere
401 561 690 617 philosophum
731 564 883 609 docere
906 565 983 604 hao
1013 567 1234 618 scriptione
1265 581 1338 607 sua
1365 580 1436 607 vo-

69 624 199 664 luisse
243 620 613 671 enthusiasmu
627 635 667 661 m
716 621 870 669 illum
887 651 899 671 ,
941 634 1040 673 quo
1075 625 1271 677 rhapso
1285 625 1335 665 di
1386 628 1440 665 et

70 681 123 722 id
169 693 339 735 genus
387 680 623 734 homines
666 680 1010 719 venustiores
1072 695 1094 720 c
1109 694 1169 730 οιι
1183 684 1438 733 citentur,

69 752 167 779 nec
196 751 290 792 per
315 751 374 778 se
414 749 648 790 magnum
682 736 784 776 hab
797 749 888 775 ere
917 738 1000 776 vid
1014 740 1094 778 eri
1123 753 1149 791 p
1163 741 1355 779 retium
1384 754 1442 780 ac

70 796 409 849 dignitatem,
438 807 590 846 quum
617 794 828 839 minime
861 807 921 833 ex
949 795 1123 835 libera
1153 799 1306 837 animi
1336 800 1442 850 agi-

71 855 284 903 tatione
320 854 548 902 oriatur,
588 863 760 902 neque
797 865 906 891 cum
943 855 1080 893 artis
1109 856 1324 895 ratione
1353 859 1444 895 aut

73 911 371 963 multiplici
405 922 587 958 rerum
628 910 869 949 scientia
925 912 1269 952 coniunctum
1307 926 1443 963 esse,

71 971 192 1012 imo
214 968 278 1012 ad
316 981 495 1013 vanam
507 969 581 1006 et
605 968 808 1010 inanem
837 967 1106 1009 mirificae
1145 971 1446 1030 sapientiae

75 1027 377 1080 opinionem
406 1025 682 1072 deducere

187 1084 329 1139 Habes
362 1086 546 1123 nostram
582 1083 635 1121 de
675 1081 770 1121 libri
797 1086 1035 1134 argumento
1067 1086 1110 1122 et
1149 1086 1320 1125 consilio
1352 1100 1447 1127 sena

74 1143 242 1190 tentiam
277 1153 327 1181 ex
362 1141 454 1192 ipso
492 1141 695 1192 scriptore
732 1139 976 1178 illustratam
1018 1143 1082 1190 et,
1121 1148 1312 1192 quantum
1342 1157 1447 1184 nunc

75 1199 239 1252 quidem
268 1199 362 1238 fieri
390 1198 547 1250 potuit,
578 1197 867 1236 confirmatam.
928 1198 1040 1247 Quae
1071 1200 1105 1238 si
1134 1213 1229 1239 vera
1259 1205 1337 1251 est,
1370 1203 1446 1242 mi-

15 1296 19 1301 ,
74 1259 182 1306 nime
209 1269 418 1304 veremur,
457 1267 510 1294 ne
550 1255 711 1295 Platoni
749 1267 797 1293 ea
826 1256 1011 1305 quaestio
1043 1257 1307 1307 obtrudatur,
1344 1272 1448 1310 quae

77 1314 230 1364 excelsi
272 1313 426 1366 ingenii
459 1312 590 1352 virum
632 1311 843 1351 dedeceat.
908 1311 992 1351 Sed
1029 1313 1097 1353 hic
1136 1315 1214 1354 alia
1264 1317 1450 1357 oboritur

76 1372 301 1421 dubitatio,
338 1383 443 1422 quae
482 1382 532 1409 eo
572 1370 738 1409 maioris
776 1370 973 1408 momenti
1012 1375 1100 1421 est,
1143 1385 1223 1423 quo
1252 1373 1450 1425 frequen-

11 1425 14 1427 ’
77 1431 228 1478 tiorem
265 1427 541 1495 disceptandi,
589 1427 839 1479 ambigendi,
893 1428 1054 1468 errandi
1105 1433 1450 1491 opportunitatem

78 1487 406 1552 suppeditavisse
431 1486 605 1525 videtur.

194 1545 407 1596 Quaerere
444 1544 552 1582 enim
585 1542 728 1594 utique
757 1541 880 1591 licet,
921 1543 1148 1584 volueritne
1187 1545 1305 1586 Plato
1336 1547 1458 1587 simul

79 1581 226 1653 notare
261 1605 385 1653 atque
423 1613 594 1653 carpere
631 1603 847 1651 poetarum
885 1600 1066 1651 ipsorum
1106 1604 1293 1644 inertiam
1324 1610 1367 1644 et
1396 1607 1457 1645 iu-

76 1662 254 1710 neniam.
313 1659 379 1707 De
408 1671 486 1711 qua
515 1671 563 1697 re
592 1657 781 1710 equidem
810 1657 1077 1705 vehementer
1105 1662 1231 1700 miror
1260 1663 1300 1701 in
1327 1665 1457 1703 varias

81 1722 225 1772 partes
254 1730 352 1758 esse
380 1716 643 1769 disputatum.
702 1715 804 1754 Nam
834 1719 1007 1767 primum
1050 1719 1211 1770 quidem
1240 1719 1357 1759 Plato
1388 1722 1458 1760 ubi

82 1776 220 1830 poetis
249 1775 391 1822 obiicit
416 1787 556 1822 rerum
593 1773 881 1825 ignorantiam,
921 1774 963 1812 id
998 1776 1105 1827 quod
1142 1778 1312 1824 maxime
1350 1778 1456 1818 libro

84 1834 245 1882 decimo
273 1833 450 1883 l’olitiae
468 1831 586 1880 fecit,
619 1830 802 1880 Socratis
835 1836 1000 1873 secutus
1018 1833 1209 1874 iudicium
1224 1833 1265 1888 *)
1296 1835 1458 1883 illarum

84 1891 208 1932 modo
245 1903 385 1942 rerum
419 1889 694 1942 cognitionem
733 1889 783 1928 iis
823 1890 1085 1940 abiudicavit,
1115 1905 1213 1943 quas
1242 1894 1284 1940 in
1313 1895 1457 1938 carmi-

85 1947 205 2001 nibus
242 1950 329 2000 suis
369 1950 758 1998 commemorat-enm
802 1948 901 1986 artis
948 1949 1147 1998 rationem
1194 1950 1243 1989 iis
1294 1952 1458 1999 minime

87 2008 252 2061 eripuit,
318 2006 403 2047 lam
442 2017 541 2055 vero
579 2005 623 2043 in
659 2004 789 2043 altera
818 2004 924 2044 Ionis
953 2010 1093 2057 parte,
1122 2008 1163 2046 in
1194 2021 1271 2059 qua
1298 2022 1377 2047 una
1407 2009 1459 2048 de

85 2066 167 2115 hae
203 2078 252 2116 re
287 2064 581 2116 disceptatur,
602 2066 814 2130 poetarum
851 2075 904 2102 ue
938 2065 1063 2110 verbo
1104 2065 1266 2116 quidem
1305 2068 1459 2106 mentio

88 2124 163 2174 fit,
208 2126 477 2174 versaturque
512 2120 641 2159 omnis
678 2119 898 2170 disputatio
936 2121 978 2160 in
1013 2122 1227 2173 rhapsodis
1269 2124 1459 2176 ignoran-

89 2182 175 2232 tiae
203 2185 248 2230 et
273 2180 463 2230 inscitiae
499 2177 780 2230 coarguendis.
839 2177 902 2216 Ex
941 2192 1020 2231 quo
1051 2180 1147 2231 quid
1173 2188 1460 2234 consequatur,

90 2239 280 2292 quoniam
319 2249 396 2290 per
434 2248 482 2275 se
510 2239 647 2287 patet,
686 2247 768 2283 non
808 2247 908 2286 opus
940 2241 1005 2276 est
1040 2239 1206 2277 uberius
1245 2240 1460 2291 explicare.

90 2295 253 2345 Deinde
278 2298 494 2348 poetarum
517 2292 706 2332 furorem
735 2294 876 2344 negari
903 2306 983 2333 non
1013 2299 1153 2346 potest
1178 2297 1219 2336 in
1246 2297 1326 2345 hoc
1353 2298 1462 2337 libro

32 2395 35 2398 ,
92 2354 334 2423 longissime
369 2351 562 2402 anteponi
606 2350 902 2402 rhapsodorum
953 2354 1233 2403 concitationi,
1286 2355 1464 2407 quando-

194 2424 261 2462 em
301 2410 365 2450 illi
401 2408 596 2458 deorum,
630 2408 677 2447 hi
712 2412 924 2460 poetarum
961 2410 1208 2462 interpretes
1238 2424 1332 2452 esse
1361 2413 1466 2452 iudi-

96 2473 252 2518 eantur.
311 2467 432 2519 Quod
462 2478 654 2518 quorsum
683 2467 885 2517 pertineat
915 2471 958 2507 et
989 2469 1190 2520 quomodo
1230 2471 1284 2519 sit
1311 2471 1465 2520 intelli-

23 2579 26 2586 .
95 2515 295 2580 gendum,
324 2525 406 2574 etsi
431 2524 473 2563 in
501 2523 582 2562 hoc
610 2523 715 2562 libro
743 2537 823 2563 non
850 2524 1026 2564 dilucide
1056 2527 1302 2587 explicatur,
1331 2533 1468 2568 tamen

97 2585 325 2634 clarissime
355 2594 406 2622 ex
434 2580 623 2620 Phaedro
652 2583 920 2634 perspicitur,
949 2583 989 2621 in
1019 2597 1098 2636 quo
1130 2597 1319 2625 sermone
1347 2587 1467 2625 Plato

100 2654 216 2684 suam
244 2641 299 2692 de
324 2640 403 2692 hac
430 2651 480 2690 re
508 2640 775 2690 sententiam,
804 2641 883 2681 iam
912 2640 1076 2693 dudum,
1105 2646 1151 2684 ut
1177 2643 1353 2696 videtur,
1382 2645 1466 2684 aui-

173 2822 221 2869 0)
244 2825 287 2858 v.
311 2825 457 2867 Apolog.
485 2827 623 2861 socrat.
653 2834 687 2866 p.
714 2826 836 2872 22„ss
862 2827 899 2868 B,
