1670 2964
622 120 906 163 LYSIS.
1390 122 1449 162 87

81 243 242 283 servata
269 233 336 281 sit.
395 237 611 279 Coniunxit
641 237 748 277 enim
777 235 1050 290 philosophus
1078 247 1170 277 cum
1208 234 1445 276 dialectices

8 319 18 331 ι
78 298 367 352 Sophistarum
394 297 584 338 irrisione
622 296 849 347 gravissimi
887 295 940 334 de
977 293 1153 334 amicitia
1193 293 1335 346 placiti
1375 305 1444 333 ex-

78 357 351 411 plicationem.
410 353 500 406 Qua
527 353 580 392 de
607 366 654 393 re
686 353 916 406 singulatim
945 350 1156 392 dicendum
1188 355 1275 392 est..

191 435 333 488 Itaque
361 434 536 487 primum
568 433 731 486 quidem
760 434 1003 473 arbitramur
1037 431 1355 484 disputationem
1391 429 1446 470 de

77 493 255 534 amicitia
281 492 376 532 ideo
405 493 447 531 in
477 492 557 531 hoc
586 492 888 544 librosgitari,
926 494 973 531 ut
1010 490 1160 530 illustri
1198 489 1332 542 aliquo
1375 500 1445 528 ex·
1490 508 1492 510 v

12 549 15 555 ’
79 551 218 604 emplo
247 550 552 592 demonstretur
580 549 833 590 dialecticam
853 550 996 598 istam,
1028 561 1147 600 quam
1163 547 1446 587 adolescentes

78 621 225 662 magno
264 605 438 661 quodam
477 607 908 647 studiolsectabantur
941 604 1007 661 *),
1056 606 1157 645 nihil
1195 618 1290 646 esse
1323 603 1446 654 aliud,

11 665 13 683 ⁵
77 667 156 707 uisi
187 667 346 706 inanem
377 665 573 718 quandam
614 666 860 717 argutiarum
897 664 1186 717 captatricem,
1226 675 1330 715 quae
1367 674 1449 702 non

4 745 11 763 ·,
80 723 204 764 1110ᾶο
241 725 424 764 veritatis
456 724 810 775 investigationem
850 722 952 762 nihil
993 721 1176 768 adiuvet,
1214 720 1289 760 sed
1325 721 1448 759 etiam

5 778 12 786 ⁸
80 794 178 832 eos,
221 783 291 836 qui
317 794 456 821 verum
486 781 621 832 aliquo
649 781 789 820 modo·
809 780 1041 832 attigerint,
1080 778 1252 818 mirifice
1283 781 1448 831 pertur-

7 890 9 894 λ
78 840 153 880 bet
189 843 234 879 et
268 841 312 880 in
347 838 508 878 consilii
543 838 720 889 inopiam
761 838 960 877 coniiciat.
1020 835 1140 887 Quod
1175 848 1256 887 quo
1297 836 1447 875 clarius

79 901 299 951 appareat,
334 896 452 936 locus
494 894 546 934 de
587 895 763 934 amicitia
789 899 1012 943 tractatur,
1052 893 1133 933 hoc
1162 896 1229 932 est
1256 891 1297 932 id
1326 906 1448 946 argu-

79 958 285 1003 mentum,
338 952 470 1006 quod,
503 955 669 1004 utpote
708 965 758 992 ex
795 953 1003 992 hominum
1030 952 1112 990 vita
1141 951 1343 990 communi
1373 951 1447 990 de-

78 1015 280 1062 sumtum,
338 1010 507 1050 facilem
555 1010 867 1063 explicationem
906 1010 1060 1049 habere
1107 1008 1236 1048 videri
1270 1011 1447 1061 poterat.

77 1070 216 1122 Atque
258 1068 406 1108 eodem
454 1068 660 1121 pertinet,
717 1064 825 1120 q'uod
875 1067 1069 1107 Socrates
1117 1065 1448 1106 adolescentibus

37 1148 42 1152 „
77 1127 188 1168 haud
214 1139 296 1167 uno
322 1127 416 1166 loco
446 1139 581 1166 veram
613 1126 677 1166 rei
693 1127 892 1165 rationem
912 1127 1130 1174 monstrat,
1162 1124 1331 1165 eandem
1349 1136 1448 1164 vero

82 1185 231 1228 deinde
259 1185 414 1238 argutis
445 1184 785 1224 conclusiunculis
815 1185 872 1223 ita
900 1184 1100 1223 incertam
1128 1182 1289 1232 reddit,
1328 1187 1376 1223 ut
1403 1182 1449 1222 hi

80 1243 176 1298 quid
214 1255 357 1283 verum
395 1242 450 1282 sit
488 1243 652 1281 minime
692 1245 973 1295 assequantur.
1031 1240 1231 1280 Nimirum
1267 1241 1325 1281 ita
1367 1239 1450 1282 cla·

80 1302 245 1342 rissime
273 1300 539 1352 intelligitur,
585 1304 776 1352 quantum
805 1300 933 1339 tricae
962 1299 1058 1338 illae
1100 1298 1354 1351 sophisticae
1384 1298 1451 1338 vel

79 1363 168 1400 tum
197 1359 381 1399 veritatis
420 1357 641 1409 cognitioni
679 1357 888 1404 officiant,
925 1370 1047 1409 quum
1086 1356 1190 1395 duce
1226 1355 1276 1395 ad
1310 1369 1451 1396 verum

79 1416 344 1470 indagandum
374 1416 503 1455 utaris
532 1416 631 1454 satis
656 1415 817 1454 idoneo.
876 1415 996 1466 Quod
1038 1417 1174 1454 autem
1210 1413 1450 1455 adolescen-

81 1479 148 1515 tes
184 1487 278 1514 cum
313 1473 485 1512 Socrate
523 1472 778 1526 disputantes
817 1466 1082 1522 inducuntur,
1131 1472 1181 1512 fit
1219 1472 1325 1522 hoc,
1371 1472 1453 1518 nisi

82 1531 229 1581 fallor,
260 1535 508 1584 propterea,
552 1531 662 1582 quod
688 1531 733 1571 hi
761 1531 1020 1586 potissimum
1047 1531 1222 1573 istorum
1247 1530 1451 1575 artificum

80 1586 338 1644 disciplinam
367 1589 640 1629 sectabantur.

197 1679 345 1734 Neque
373 1684 510 1721 tamen
541 1680 850 1729 existimandum
881 1683 947 1720 est
973 1679 1187 1720 Platonem
1223 1680 1362 1721 locum
1395 1677 1450 1720 de

84 1739 262 1781 amicitia
297 1739 356 1778 ita
391 1739 653 1789 tractavisse,
690 1743 736 1778 ut
771 1738 873 1777 nihil
910 1738 989 1777 nisi
1025 1740 1205 1792 ineptam
1242 1738 1450 1791 sophista·-

85 1810 175 1838 rum
205 1797 473 1836 subtilitatem
501 1797 664 1846 riserit,
698 1797 791 1849 ipse
821 1796 915 1848 quid
945 1796 998 1835 de
1028 1797 1099 1835 illa
1129 1797 1301 1836 sentiret
1330 1791 1451 1849 pror-v

85 1869 155 1896 sus
187 1855 392 1895 celaverit.
450 1854 535 1894 lmo
564 1867 663 1893 vero
691 1855 839 1906 insigni
857 1868 954 1893 usus
969 1855 1142 1894 artificio
1161 1854 1304 1894 eadem
1325 1867 1451 1906 opera

86 1927 200 1955 suam
228 1913 358 1967 ipsius
389 1913 633 1952 sententiam
662 1914 697 1951 si
726 1925 804 1952 non
828 1911 1006 1951 dilucide
1028 1912 1240 1965 exposuit,
1275 1915 1316 1951 at
1335 1917 1452 1950 certe

83 1983 166 2012 non
193 1971 251 2010 ita
282 1972 457 2010 obscure
486 1970 668 2022 prodidit
697 1973 738 2008 et
776 1970 1027 2022 significavit.
1086 1970 1250 2009 Etenim
1291 1982 1453 2009 omnem

82 2029 442 2082 argumentationis
481 2029 630 2067 seriem
671 2031 828 2066 attento
876 2028 1008 2067 animo
1053 2031 1295 2073 contuentes
1338 2027 1452 2068 nullo

84 2087 251 2140 negotio
281 2086 646 2125 animadvertemus
677 2099 749 2134 ea,
781 2098 884 2137 quae
912 2085 961 2123 ad
990 2086 1117 2124 risum
1145 2086 1362 2137 iocumque
1384 2097 1451 2124 re-

84 2144 296 2192 feruntur,
333 2144 382 2182 ab
419 2143 525 2192 illis,
567 2156 670 2196 quae
707 2143 814 2182 serio
853 2147 947 2182 sunt
986 2143 1211 2195 disputata,
1254 2142 1452 2182 facillime

85 2214 213 2258 posse
251 2201 449 2249 discerni,
500 2214 621 2254 quum
654 2201 901 2252 argutiarum
940 2202 1052 2252 signa
1090 2213 1189 2252 prae
1229 2213 1276 2239 se
1316 2200 1453 2244 ferant

85 2259 341 2314 manifesta„
376 2259 514 2310 Atque
543 2258 646 2298 haec
686 2260 775 2310 ipsa
813 2262 1111 2311 persequentes
1150 2259 1322 2310 vestigia
1357 2257 1451 2302 Pla-

86 2322 228 2359 tonem
267 2319 456 2370 putamus
497 2316 598 2355 haec
638 2316 729 2356 fere
769 2315 940 2368 placita,
983 2317 1019 2358 si
1055 2328 1136 2363 non
1170 2315 1452 2364 illustravisse,

86 2379 131 2416 at
160 2377 274 2415 certe
305 2374 568 2413 adumbrasse
597 2378 719 2426 atque
749 2374 1031 2419 delineavisse,
1085 2373 1265 2415 Primum
1291 2374 1453 2426 quidem

86 2434 130 2475 in
160 2432 350 2481 exordio,
381 2433 450 2471 ubi
482 2431 673 2471 Socrates
703 2445 795 2471 cum
825 2432 914 2471 solo
943 2432 1028 2484 agit
1053 2430 1230 2484 Lyside,
1274 2432 1455 2473 breviter

89 2491 264 2533 docetur
294 2503 411 2538 eum,
447 2491 514 2541 qui
543 2490 710 2528 alterius
740 2490 831 2529 fieri
859 2489 1011 2528 amicus
1039 2490 1200 2541 cupiat,
1229 2495 1386 2529 mature
1411 2489 1455 2528 111

90 2562 217 2602 agere
255 2551 477 2602 oportere,
518 2551 565 2587 ut
601 2547 780 2602 prudens
824 2551 945 2603 atque
989 2547 1153 2610 sapiens
1196 2547 1357 2596 evadat,
1402 2561 1454 2586 ne

137 2743 174 2783 ⁸)
224 2744 263 2775 V.
288 2744 473 2823 {goti-:gon
499 2755 530 2787 p.
557 2745 636 2777 313.
663 2744 705 2776 A.
733 2744 810 2778 316.
835 2746 872 2778 C.
898 2744 1103 2786 HipptMnt
1131 2754 1163 2785 p.
1189 2746 1265 2777 296.
1294 2745 1334 2775 A.
1360 2745 1452 2774 Men.

232 2800 268 2830 p.
303 2804 310 2822 ι
341 2812 349 2821 .
380 2815 411 2828 ,.
