1670 2964
247 138 331 182 280
756 135 1087 176 PLATOMS

249 250 361 291 mari.
406 247 559 289 Verum
589 247 695 298 quod
724 247 794 285 ille
823 249 1046 299 respondet
1072 251 1148 297 ita,
1178 254 1224 289 ut
1252 249 1434 288 videatur
1465 246 1596 285 omnia

214 296 356 344 ‘clara
390 310 433 343 et
469 305 682 357 perspicua
724 304 971 353 reddidisse,
1019 307 1058 344 id
1101 307 1177 346 sibi
1210 307 1364 346 fatetur
1406 303 1596 343 Socrates

248 374 328 406 non
367 363 472 399 omui
510 374 557 399 ex
592 364 708 412 parte
748 361 1008 410 satisfacere,
1049 365 1231 416 quoniam
1274 362 1369 421 quid
1406 361 1487 399 isto
1516 358 1598 399 τοῦ

248 415 529 469 πολυτρόπου
570 418 727 455 nomine
766 418 1020 469 designetur,
1065 433 1146 458 nou
1191 421 1408 472 perspicue
1446 416 1597 458 intelli-

251 480 368 526 gatur
391 472 446 528 *).
504 474 642 525 Itaque
674 475 878 523 Achilles,
919 476 1047 526 inquit
1074 477 1170 526 illc,
1209 477 1378 530 simplex
1406 477 1450 513 et
1476 485 1596 512 verus

251 538 335 578 est,
370 532 435 582 qui
466 532 542 570 sibi
571 531 677 569 dicat
705 531 818 570 illum
850 544 942 570 esse
971 535 1138 572 maxime
1169 533 1375 581 odiosum,
1405 531 1474 583 qui
1499 542 1598 569 vero

248 587 436 638 neglecto
475 588 680 641 mendacia
715 593 998 637 consectetur-3
1044 590 1198 641 Ulyxes
1241 593 1383 629 autent
1410 591 1598 628 versutus

250 651 313 683 est
343 650 462 695 atque
487 645 677 692 mendax}
717 658 766 683 ex
797 658 874 696 quo
915 648 1196 698 consequitur,
1234 650 1280 686 ut
1315 638 1605 699 πολυτρόπου

247 701 406 740 nomine
445 702 566 740 homo
601 701 723 740 fallax
759 702 1006 754 insigniatur.
1065 703 1229 754 Ergone
1265 707 1333 752 tu,
1376 700 1602 752 respondet

250 757 463 806 Socrates,
502 758 704 797 Achillem
734 759 826 797 ideo
857 760 1067 798 meliorem
1096 761 1302 808 iudicasti,
1340 759 1430 810 quia
1457 757 1600 809 Ulyxis

247 814 407 853 vafritie
448 819 489 853 et
530 815 741 868 prudentia
777 818 941 856 careat'}
999 817 1110 866 Quae
1149 817 1349 856 sententia
1377 826 1522 871 vereor
1554 816 1602 853 ut

249 885 295 910 se
330 873 427 909 satis
458 876 629 910 tueatur.
689 873 887 921 Quocirca
917 886 991 925 age
1022 874 1280 926 exploremus
1310 885 1399 916 eam
1435 874 1479 910 et
1505 882 1601 935 pe)-

248 929 470 981 pendamus
500 930 738 968 accuratius.

361 1042 438 1081 His
470 1043 525 1084 ita
554 1043 783 1081 constitutis
813 1043 1002 1082 Socrates
1043 1043 1281 1095 primum'
1306 1035 1473 1085 conatur
1508 1040 1603 1080 effi-

250 1102 346 1141 ee're
374 1111 547 1138 verum
579 1099 977 1151 mendacemque
1008 1113 1127 1140 esse
1158 1099 1399 1149 eundem,
1429 1098 1604 1150 ideoque

249 1168 325 1201 nec
362 1156 562 1194 Achillem
599 1156 719 1207 Ulyxi
756 1157 840 1196 ullo
875 1158 994 1195 modo
1034 1162 1246 1209 praestare
1265 1153 1344 1211 **)’.
1403 1152 1520 1205 Quod
1559 1158 1605 1194 ut

252 1213 430 1261 evincat,
460 1212 534 1250 hac
564 1212 655 1253 sere
684 1214 810 1252 utitur
839 1214 1195 1265 argumentatione.
1252 1212 1498 1260 Mendaces,
1543 1212 1605 1250 in-

253 1270 358 1320 quit,
389 1282 466 1307 uon
501 1270 566 1307 alii
597 1274 689 1308 sunt
722 1284 839 1320 quam
871 1271 937 1321 qui
967 1275 1059 1309 sunt
1089 1271 1224 1310 idonei
1253 1271 1303 1311 ad
1333 1267 1482 1320 aliquid
1511 1268 1605 1306 effi-

252 1326 460 1373 ciendum,
500 1326 579 1364 hoc
609 1331 672 1364 est
707 1327 758 1365 ad
789 1326 1008 1366 fallendum
1041 1327 1402 1379 decipiendumque
1431 1338 1506 1380 per
1534 1325 1607 1364 (lo-

253 1382 337 1421 lum
372 1387 414 1421 et
454 1383 718 1434 prudentiam.
787 1381 895 1435 Ergo
936 1384 1057 1422 iidem
1095 1386 1214 1422 etiam
1251 1383 1470 1435 prudentes
1501 1386 1608 1431 sunt,

254 1440 451 1489 siquidem
479 1440 690 1491 prudentia
720 1454 791 1478 sua
820 1441 987 1487 fallunt,
1028 1441 1209 1492 adeoque
1247 1441 1452 1493 sapientes
1489 1440 1530 1478 in
1561 1452 1609 1478 ea

249 1509 319 1543 re,
355 1496 405 1535 de
437 1510 513 1548 qua
542 1498 799 1536 mentiuntur.
860 1497 1080 1540 Mendaces
1112 1502 1246 1536 autem
1275 1497 1484 1542 veracibus
1514 1499 1608 1535 sunt

250 1555 440 1592 contrarii
470 1558 511 1591 et
541 1555 731 1605 oppositi.
791 1553 872 1592 Iam
915 1568 1035 1606 quum
1063 1555 1276 1595 mendaces
1306 1555 1388 1595 sint
1417 1552 1467 1592 ad
1493 1565 1608 1594 men-

250 1611 427 1649 tiendum
458 1610 617 1659 idonei,
659 1611 862 1662 sequitur,
910 1617 956 1652 ut
995 1613 1061 1663 qui
1100 1615 1179 1651 no‘n
1219 1612 1272 1653 sit
1302 1611 1493 1658 idoneus,
1533 1608 1607 1649 sed
1663 1628 1667 1632 <

250 1668 504 1718 imprudens,
543 1669 576 1705 is
610 1681 683 1712 uec
713 1668 826 1706 vafer
860 1672 930 1706 vaut
959 1669 1149 1707 subdolus
1180 1681 1276 1707 esse
1303 1667 1447 1720 possit.
1507 1666 1606 1716 Qui-

253 1737 409 1775 cunque
445 1728 577 1762 autem
613 1725 777 1762 alicuius
817 1725 878 1763 rei
916 1724 1111 1765 facultate
1151 1726 1284 1776 pollet
1319 1726 1400 1772 ita,
1449 1726 1492 1761 ut
1529 1736 1607 1766 nec

251 1782 392 1827 morbo
423 1794 498 1819 nec
536 1782 612 1819 alia
640 1782 871 1820 infirmitate
909 1782 957 1820 ab
998 1795 1045 1820 ea
1083 1782 1290 1822 tractanda
1321 1780 1605 1833 prohibeatur,

252 1838 288 1877 is
327 1838 365 1876 in
407 1837 547 1876 eadem
589 1839 762 1889 optimus
806 1851 898 1876 esse
936 1842 978 1877 et
1022 1840 1394 1890 praestantissimus
1438 1837 1606 1881 iudicari

254 1894 387 1938 debet,
448 1895 767 1938 Consentaneum
798 1898 862 1933 est
890 1908 985 1937 vero
1018 1909 1130 1943 eum,
1174 1896 1241 1947 qui
1270 1895 1434 1934 alicuius
1464 1895 1526 1937 rei
1553 1894 1608 1932 sit

254 1952 545 2004 peritissimus,
586 1952 635 1990 de
666 1951 805 1995 eadem
834 1951 902 1989 illa
932 1956 974 1990 et
1002 1965 1096 1991 vera
1125 1953 1262 1995 dicere
1292 1956 1334 1991 et
1364 1947 1468 1991 falsa
1495 1963 1606 1990 com-

255 2009 411 2047 minisci
442 2009 594 2062 optime
623 2021 758 2060 posse.
817 2008 918 2047 Nam
958 2010 1024 2060 qui
1064 2011 1149 2048 eius
1189 2010 1401 2060 imperitus
1445 2011 1532 2056 est,
1569 2008 1605 2047 is

255 2065 348 2104 dum
378 2060 538 2103 mentiri
568 2067 742 2117 cogitat,
782 2078 907 2116 saepe
945 2078 1022 2117 per
1060 2066 1244 2108 fraudem
1273 2069 1317 2104 et
1343 2065 1606 2116 ignorantiam

254 2134 348 2160 vera
377 2123 565 2173 loquitur.
624 2122 741 2172 Quod
771 2122 930 2173 quidem
960 2122 1149 2162 Socrates
1178 2123 1438 2174 perspicuum
1472 2121 1608 2163 reddit

256 2179 374 2229 longa
408 2179 681 2230 exemplorum
713 2179 1033 2228 enumeratione,
1073 2179 1187 2231 quae'
1205 2179 1341 2218 facete
1376 2180 1528 2231 repetit
1557 2192 1607 2219 ex

255 2236 304 2274 iis
345 2236 494 2275 artibus
531 2248 576 2275 ac
615 2235 858 2287 disciplinis,
903 2249 1000 2287 quas
1044 2237 1229 2288 sophista
1277 2239 1480 2275 vomet
1515 2237 1606 2287 ipso

256 2296 473 2344 perceptas
505 2304 596 2332 csse
626 2293 893 2344 gloriabatur,
923 2297 968 2331 ut
994 2294 1035 2331 in
1063 2293 1142 2333 hoc
1165 2293 1258 2332 loco
1287 2293 1452 2344 insignis
1483 2305 1605 2343 quae-

188 2355 195 2359 '
257 2349 346 2393 dam
382 2352 570 2394 cernatur
603 2349 801 2396 irrisionis
839 2349 1052 2409 elegantia,
1116 2349 1178 2396 Ex
1217 2350 1282 2395 his
1321 2353 1455 2396 autem
1494 2350 1607 2395 effici

305 2606 350 2648 ἓν)
397 2610 433 2645 p,
459 2611 523 2643 36³,
551 2626 588 2639 ε-
618 2612 694 2647 364,
719 2613 760 2643 Ε.

285 2676 350 2717 υ)
398 2678 433 2711 Ρ,
460 2679 536 2707 365.
563 2679 603 2708 ι).
628 2694 672 2701 —-
696 2681 774 2717 3⁶⁹2
801 2681 837 2717 Β.

260 2744 350 2787 w)
398 2746 434 2782 r,
464 2746 539 2786 3⁶9,
565 2747 620 2783 3„
