1670 2964
219 145 332 187 152·
738 142 1072 184 PLATONIS

222 260 297 299 sti.-
348 258 488 311 Nuper
517 257 623 298 enim
651 257 701 295 ab
730 251 896 296 homide
931 257 1105 309 quodam
1140 258 1281 310 ignoto
1312 256 1365 298 tle
1389 258 1522 311 pulcri
1547 259 1588 299 vi

225 320 268 356 et
296 321 438 355 natura
464 317 762 365 interrogatus,
802 327 926 366 quum
963 327 1044 355 non
1078 317 1357 367 perspicerem
1392 316 1487 366 quid
1524 317 1588 355 rei

227 377 355 421 esset,
384 374 425 411 in
453 372 662 411 maximam
692 371 852 410 consilii
881 372 1054 423 inopiam
1088 374 1295 412 coniectus
1327 386 1427 412 sum.
1485 372 1588 412 Pro-

224 431 350 470 mittit
377 430 500 480 igitur
530 429 569 466 ei
595 427 765 479 Hippias
807 441 902 467 sese
929 441 1018 467 rem
1055 429 1112 467 ita
1146 430 1251 469 velle
1280 430 1505 481 explicare,
1543 434 1590 469 ut

227 487 354 526 omnis
383 485 511 524 videri
549 484 696 523 debeat
737 484 896 524 sublata
926 486 1274 538 esse‘ambigendi
1303 486 1591 536 dubitandique

227 556 346 582 causa
388 546 430 581 et
466 543 745 593 opportunitas
774 539 831 595 *).
900 542 989 592 Quo
1020 541 1130 581 facto
1160 543 1351 584 Socrates
1379 544 1483 583 hanc
1513 544 1592 583 sibi

228 601 277 639 ab
308 611 357 638 eo
387 600 543 649 expetit
578 600 759 647 veniam,
797 602 844 638 ut
871 599 1000 650 ignoti
1036 598 1144 638 illius
1173 600 1346 640 hominis
1376 613 1592 652 personam

229 668 354 708 agere
372 656 508 704 liceat,
536 655 710 707 ideoque
729 655 854 695 etiam
877 656 1149 695 dubitationes
1173 658 1215 696 in
1233 657 1410 700 medium
1429 657 1592 724 afferre,

229 726 328 764 quas
358 713 569 764 probabile
605 714 661 753 sit
698 713 747 752 ab
777 712 849 751 illo
885 726 973 752 rem
1004 715 1272 753 communiter
1301 715 1527 782 exquirenti
1553 715 1595 754 in

229 770 406 810 medium
432 769 598 810 allatum
625 770 689 809 iri.
743 769 878 821 Atque
898 770 971 810 his
1001 771 1057 810 ita
1086 772 1318 812 constitutis
1349 772 1439 824 ipsa
1465 771 1595 812 susci-

231 828 342 879 pitur
371 827 422 865 de
447 827 589 878 pulcro
619 827 838 879 disputatio
857 823 938 881 **)

346 884 458 924 Petit
485 888 620 926 autem
649 885 841 924 Socrates
871 887 964 923 ante
996 884 1127 923 omnia
1156 883 1204 923 ab
1235 871 1408 936 Hippia,
1445 886 1491 924 ut
1519 882 1597 924 sibi

233 941 366 993 pulcri
403 943 482 981 vim
521 945 565 982 et
600 946 784 982 naturam
819 941 1052 993 patefaciat.
1111 940 1193 981 Sed
1221 941 1290 981 hic
1319 940 1502 992 sophista
1529 954 1597 980 re·-

234 999 453 1050 sponsione
480 1012 554 1039 sua
582 1000 720 1039 statim
748 1002 890 1050 aperte
918 997 1056 1049 prodit
1082 998 1272 1050 ignorare
1301 1011 1360 1048 se,
1391 997 1485 1048 quid
1514 997 1597 1037 dis-

235 1056 413 1095 criminis
452 1056 560 1096 inter
599 1057 730 1108 ipsam
769 1054 1080 1108 pulcritudinem
1115 1059 1237 1106 atque
1266 1068 1334 1095 res
1363 1054 1599 1104 individuas,

236 1124 340 1163 quae
365 1112 534 1164 pulcrae
559 1116 766 1161 vocantur,
795 1111 1036 1160 intercedat,
1066 1111 1249 1163 adeoque
1269 1113 1377 1151 omni
1392 1111 1599 1152 vdefinien-

240 1169 381 1209 darum
408 1171 615 1210 notionum
654 1170 823 1209 scientia
851 1173 895 1208 et
923 1169 1119 1208 facultate
1149 1182 1301 1208 carere.
1359 1168 1601 1220 Respondet

237 1227 344 1267 enim
383 1228 558 1280 primum
599 1227 761 1278 quidem
799 1227 897 1266 satis
934 1226 1131 1275 ridicule,
1176 1227 1411 1278 pulcram
1449 1225 1600 1277 puel·-

236 1283 334 1325 lam
374 1296 498 1324 esse
534 1284 789 1336 pulcrum.
846 1282 1045 1322 Nimirum
1083 1283 1163 1322 hoc
1202 1296 1252 1323 ex
1278 1287 1368 1331 arte
1395 1283 1603 1332 statuaria,

238 1351 361 1393 quam
385 1342 612 1390 tractabat,
652 1340 781 1379 videri
819 1343 958 1391 potest
994 1340 1227 1391 repetiisse.
1285 1339 1426 1390 Itaque
1455 1339 1603 1379 Socra-

238 1401 330 1448 tes,
370 1396 572 1450 ’incogniti
607 1397 716 1437 illius
753 1396 928 1436 hominis
962 1397 1145 1449 partibus
1189 1397 1390 1448 susceptis
1405 1425 1419 1447 ,
1463 1400 1606 1437 contra

238 1454 342 1496 haec
377 1455 435 1495 ait
473 1455 631 1496 moneri
668 1465 791 1506 posse
829 1455 952 1493 etiam
992 1453 1176 1506 pulcram
1215 1466 1386 1505 equam,
1421 1454 1606 1506 pulcram

239 1512 391 1564 lyram,
423 1513 604 1565 pulcram
634 1512 777 1560 ollam,
807 1511 884 1550 alia
911 1510 1082 1563 plurima
1096 1541 1108 1560 ,
1130 1510 1279 1563 pulcra
1305 1510 1446 1551 videri.
1504 1507 1605 1550 Ete-

241 1570 325 1610 nim
351 1569 455 1609 haec
485 1569 618 1610 omnia
648 1568 701 1609 ad
728 1568 825 1607 alias
854 1581 924 1608 res
941 1572 1208 1620 comparata,
1246 1581 1324 1608 nec
1358 1571 1531 1620 propter
1558 1580 1606 1607 se

241 1627 343 1678 ipsa,
373 1627 514 1679 pulcra
542 1626 687 1668 haberi
716 1629 837 1677 atque
867 1625 947 1664 dici
976 1626 1137 1674 solere,
1167 1637 1336 1677 eamque
1365 1625 1416 1665 ob
1446 1638 1607 1664 causam

244 1684 367 1724 etiam
391 1683 585 1739 pulcram
618 1682 797 1751 puellam
834 1682 885 1722 ad
923 1681 1041 1722 deam
1082 1682 1270 1722 collatam
1303 1682 1485 1722 fortasse
1518 1685 1607 1721 tur-
1656 1696 1660 1699 ⁴

242 1752 338 1793 pem
368 1736 588 1780 iudicatum
625 1741 688 1780 iri.
745 1738 834 1780 Nec
874 1751 971 1779 vcro
999 1741 1080 1780 isto
1117 1739 1238 1779 modo
1269 1751 1428 1780 omnem
1455 1739 1609 1792 pulcri-

243 1797 395 1838 tudinis
423 1799 503 1838 vim
531 1796 776 1837 declaratam
805 1808 900 1836 esse
926 1800 1088 1845 monet,
1133 1797 1282 1848 quippe
1311 1808 1425 1848 quae
1461 1797 1518 1836 ita
1554 1796 1610 1836 sit

246 1858 502 1908 comparata,
537 1858 585 1894 ut
612 1865 873 1905 quaecunque
899 1853 1041 1904 pulcra
1071 1826 1277 1903 dicantur,
1315 1865 1365 1896 ea
1392 1865 1470 1907 per
1498 1853 1610 1894 illam

246 1912 393 1966 pulcra
423 1913 600 1953 evasisse
629 1910 798 1951 iudicari
829 1914 1020 1962 oporteat
1039 1907 1143 1966 ***).

358 1969 439 2011 Hic
475 1980 573 2009 vero
610 1968 796 2020 sophista
832 1968 1022 2007 continuo
1061 1968 1139 2008 sibi
1174 1966 1327 2019 aliquid
1362 1966 1609 2007 animadver-

248 2026 353 2067 tisse
380 2026 553 2067 videtur.
610 2025 692 2068 Vix
725 2025 831 2066 enim
874 2024 1023 2066 audivit
1051 2025 1186 2077 ipsum
1220 2025 1406 2077 pulcrum
1432 2025 1611 2064 indican-

246 2083 342 2125 dum
370 2096 466 2125 esse
497 2083 604 2133 tale,
645 2093 725 2133 quo
762 2081 904 2134 pulcra
932 2082 1065 2122 omnia
1093 2081 1345 2132 efficiantur,
1383 2094 1506 2132 quum
1543 2094 1612 2121 re-

249 2140 425 2194 spondet
459 2152 639 2181 aurum
663 2151 771 2179 esse
808 2137 930 2186 illud,
972 2139 1079 2191 quod
1115 2140 1299 2191 pulcrum
1337 2138 1515 2189 dicatur;
1550 2139 1612 2178 in—

249 2202 388 2238 aurata
427 2199 534 2240 enim
572 2197 704 2237 omnia
740 2208 833 2235 esse
861 2195 1146 2248 pulcherrima.
1203 2195 1497 2236 Perridiculum
1532 2196 1614 2236 hoc

249 2254 425 2296 hominis
477 2266 721 2306 responsum
761 2253 953 2293 Socrates
997 2266 1136 2294 rursus
1179 2253 1383 2306 susceptis
1420 2252 1615 2305 incogniti

250 2312 360 2353 illius
400 2312 663 2364 disputatoris
707 2310 891 2363 partibus
929 2311 987 2349 ita
1028 2312 1206 2364 exagitat
1254 2323 1302 2350 ac
1343 2308 1524 2358 refellit,
1566 2312 1616 2348 ut

253 2370 376 2409 etiam
425 2370 622 2416 eburnea,
678 2367 857 2419 lapidea,
904 2367 1060 2420 lignea,
1106 2369 1207 2418 alia,
1257 2366 1399 2420 pulcra
1446 2366 1615 2407 iudicari

254 2425 465 2474 ostendat,
495 2424 693 2477 siquidem
723 2425 773 2464 iis
801 2425 948 2475 rebus,
978 2425 1020 2465 in
1050 2427 1193 2478 quibus
1221 2423 1486 2476 reperiantur,
1515 2437 1615 2475 pru-

254 2482 400 2526 denter
429 2483 613 2535 sciteque
643 2481 945 2524 accommodata
977 2483 1070 2527 sint,
1113 2482 1258 2536 Neque
1283 2480 1408 2523 habet
1423 2479 1615 2535 Hippias,

299 2659 346 2703 *ἡ
392 2661 475 2694 init.
499 2672 611 2704 unque
635 2665 678 2696 ad
705 2675 739 2705 p.
766 2667 846 2702 286.
870 2666 916 2703 Ε,

278 2716 345 2760 m)
391 2719 427 2750 Ρ.
453 2721 531 2752 287.
555 2724 595 2754 A.
622 2740 665 2746 --
688 2723 731 2754 1).

258 2772 342 2821 οι)
404 2777 443 2808 1².
470 2778 546 2812 287,
570 2779 611 2810 Β.
637 2794 675 2803 -
703 2781 782 2811 289.
809 2781 844 2813 c.
