1670 2964
523 163 796 207 1111³P1As
834 132 1062 207 MAion.
1114 204 1116 206 ,
1393 163 1479 207 155

100 277 186 334 ‘via
223 269 427 340 aliquid
466 279 787 330 efficiendi;
831 281 910 321 hac
953 282 1060 322 enim
1094 279 1287 334 quidquid
1324 286 1479 332 careat,

104 338 147 378 id
176 338 470 392 esse‘prorsus
499 339 654 378 inutile.
715 339 911 390 Quoniam
950 344 1084 380 autem
1113 340 1300 379 homines
1331 339 1412 379 ista
1438 341 1479 380 vi

105 395 333 446 efficIeu‘di,
365 407 443 448 qua
471 396 679 448 polleant,
710 410 1006 449 saepenumero
1036 397 1086 436 ad
1113 397 1217 437 mala
1248 398 1477 447 abutantur,

103 452 304 508 apparere
332 453 554 493 arbitratur
589 455 645 493 ita
683 454 844 493 demum
874 469 962 494 eam
991 456 1173 508 pulcram
1202 455 1317 504 fore,
1360 455 1396 494 si
1425 455 1477 495 ad

101 511 253 553 bonum
283 514 555 550 convertatur.
613 511 754 563 Itaque
791 513 893 551 illud
924 513 1084 552 demum
1126 513 1224 552 dicit
1253 516 1369 552 recte
1398 525 1478 565 pro

98 569 246 623 pulcro
274 567 458 608 habitum
487 569 564 618 iri,
602 570 711 622 quod
741 574 784 609 et
812 571 914 610 utile
944 571 1023 620 sit,
1061 574 1104 610 et
1132 571 1228 610 boni
1257 570 1351 621 quid
1381 570 1478 610 effi·-

101 626 207 679 ciat,
253 638 425 677 eamque
455 627 507 666 ob
537 639 697 666 causam
729 628 851 666 etiam
882 629 1139 681 sapientiam,
1183 629 1324 681 leges,
1359 629 1479 668 insti-

100 687 211 735 tuta,
239 684 282 724 in
309 685 435 724 rebus
465 684 618 736 pulcris
646 685 850 725 numerari
871 683 928 741 *).
988 685 1071 725 Sed
1099 698 1153 725 ne
1181 685 1285 725 hanc
1313 686 1478 737 quidem

100 742 344 783 sententiam
376 755 514 782 veram
545 754 640 782 esse
671 743 854 795 stupenti
883 743 1094 796 sophistae
1122 743 1200 782 hac
1231 743 1324 783 fere
1354 756 1476 797 argu-
1551 765 1554 768 ⁴

99 799 349 840 mentatione
379 798 644 839 demonstrat.
701 800 765 840 Ex
805 801 880 850 iis,
921 813 1022 853 quae
1058 800 1373 853 disputaximus,
1411 803 1477 842 in·-

100 859 212 909 quit,
256 859 403 909 sponte
438 858 705 908 consequitur
741 858 844 897 utile
883 858 980 897 boni
1011 870 1172 898 causam
1203 871 1297 898 esse
1328 872 1374 899 ac
1403 871 1476 899 ve-

99 913 176 954 luti
214 913 384 953 fontem.
453 914 595 967 Itaque
635 915 738 954 utile
777 919 899 966 atque
937 916 1122 967 pulcrum
1173 916 1208 955 ai
1249 919 1314 956 est
1350 929 1475 957 unum

97 971 302 1022 idemque,
328 971 516 1024 pulcrum
532 985 706 1012 necesse
729 975 794 1011 est
822 973 948 1012 boni
978 986 1133 1012 causa
1154 972 1335 1013 ducatur.
1367 974 1475 1014 Cau-

97 1043 184 1070 sam
208 1033 343 1069 autem
373 1033 496 1080 atque
523 1030 717 1072 effectum
745 1043 866 1072 nemo
892 1031 1058 1083 negabit
1082 1031 1192 1070 inter
1219 1033 1273 1071 se'
1292 1031 1474 1072 differre.

96 1087 160 1128 Ex
189 1099 269 1139 quo
299 1088 561 1141 perspicuum
601 1093 771 1127 estnec
810 1087 996 1140 pulcrum
1034 1100 1110 1140 pro
1145 1088 1254 1127 bono
1292 1102 1369 1128 nec
1397 1090 1475 1129 bo-

95 1157 192 1186 num
220 1157 295 1198 pro
315 1145 468 1198 pulcro
498 1145 643 1184 haberi
667 1145 810 1184 licere.
859 1145 977 1196 Quod
1007 1149 1271 1198 posteaquam
1296 1146 1474 1200 Hippias

96 1216 240 1246 rursus
281 1202 491 1255 amplexus
523 1206 611 1251 est,
650 1203 908 1242 nihilominus
946 1203 1020 1242 ille
1059 1207 1248 1254 tanquam
1287 1206 1474 1244 certissi-

88 1266 204 1307 mum
234 1260 453 1300 tenendum
480 1261 702 1300 arbitratur
729 1261 911 1299 int'mam
942 1274 1036 1300 esse
1065 1261 1162 1300 boni
1188 1267 1312 1314 atque
1340 1262 1474 1314 pulcri

94 1318 455 1359 necessitudinem.
514 1319 668 1369 Quibus
706 1319 762 1357 ita
790 1274 937 1370 positis
966 1331 1149 1371 magnam
1190 1332 1287 1359 sane
1315 1320 1473 1360 fatetur

96 1388 193 1415 esse
220 1374 324 1415 hanc
353 1375 669 1423 dubitationem,
708 1376 749 1415 in
779 1388 898 1427 quam
933 1389 1037 1415 nunc
1066 1375 1306 1428 inciderint,
1347 1391 1474 1430 quan-

95 1432 315 1490 doquidem
351 1446 472 1486 quum
506 1434 775 1472 arctissimam
809 1446 905 1473 esse
934 1434 1113 1473 sentiant
1141 1435 1274 1485 pulcri
1303 1439 1347 1475 et
1378 1436 1473 1476 boni

95 1491 447 1541 coniunctionem,
485 1494 622 1533 tamen
663 1491 837 1531 alterum
875 1492 925 1532 ab
961 1492 1092 1532 altero
1130 1491 1336 1533 diversum
1378 1501 1474 1534 esse

95 1548 318 1590 statuerint
335 1545 417 1605 **).
1022 1562 1027 1573 ¹

92 1607 102 1614 ²
205 1605 270 1646 Ne
298 1605 367 1646 hic
406 1605 569 1658 quidem
598 1605 811 1647 Platonem
851 1610 1040 1660 putamus
1078 1621 1188 1658 eam,
1235 1619 1354 1660 quam
1394 1606 1474 1646 So·-

60 1691 66 1698 »
94 1665 230 1703 crates
269 1665 512 1716 proposuit,
552 1666 797 1704 sententiam
837 1666 946 1704 serio
984 1666 1298 1718 impugnavisse.
1369 1664 1473 1705 Nam

95 1719 309 1761 Socratem
350 1722 532 1761 norimus
571 1722 759 1774 pulcrum
796 1723 975 1763 voluisse
1025 1725 1117 1763 utili
1157 1723 1379 1762 contineri:
1428 1722 1473 1763 id

94 1778 204 1835 quod
241 1777 536 1832 Xenophon
559 1779 752 1830 Memor.
779 1779 858 1829 ΙΙΙ,
887 1781 941 1830 8,
986 1780 1024 1833 ἓ.
1057 1781 1087 1820 4
1117 1795 1204 1834 sqq.
1247 1784 1289 1820 et
1317 1780 1399 1829 IV,
1429 1781 1476 1830 θ,

92 1835 135 1875 9.
167 1837 399 1876 certissime
428 1840 618 1877 testatur.
690 1837 773 1876 lam
812 1851 909 1877 vero
950 1838 1083 1878 eidem
1121 1840 1272 1879 bonum
1310 1850 1474 1890 quoque

91 1894 225 1934 visum
254 1901 321 1934 est
349 1894 400 1934 ad
428 1895 648 1934 utilitatem
674 1908 768 1935 esse
789 1895 1068 1945 referendum,
1100 1897 1152 1935 de
1182 1909 1260 1948 qua
1288 1909 1336 1934 re
1364 1896 1475 1936 idem

93 1949 387 2005 Xenophon
433 1954 601 2005 exponit
628 1952 757 1992 Mem.
787 1953 866 2002 ΙΙΙ,
898 1954 948 2003 8,
981 1954 1144 1993 2—8.
1177 1953 1249 2002 lv,
1278 1954 1321 2003 6,
1351 1953 1403 2003 S,
1431 1954 1473 1993 9.

91 2008 156 2050 Ex
186 2023 265 2062 quo
294 2010 490 2063 liquidum
513 2014 593 2059 est,
624 2023 697 2049 cur
726 2011 798 2050 ille
828 2013 1062 2051 necessario
1093 2013 1217 2051 etiam
1244 2012 1353 2050 inter
1382 2011 1475 2064 pul-

94 2071 208 2107 c'rum
237 2071 361 2118 atque
404 2068 554 2107 bonum
593 2069 805 2107 maximam
841 2069 1100 2108 intercedere
1130 2068 1474 2109 necessitudinem

94 2129 278 2164 statuere
314 2129 480 2164 coaetus
521 2125 663 2164 fuerit.
732 2126 934 2176 Quocirca
972 2127 1094 2179 plane
1133 2127 1341 2166 Socratica
1379 2140 1474 2166 sen·-

92 2183 225 2222 tentia
256 2186 340 2232 est,
371 2195 491 2235 quam
518 2182 637 2222 Plato
667 2183 735 2222 hic
765 2183 977 2223 Socratem
1008 2185 1111 2224 fecit
1139 2185 1312 2237 prinum]
1344 2184 1474 2239 expli-

93 2244 254 2280 cantem
271 2270 283 2290 ,
343 2239 490 2279 deinde
547 2241 701 2292 argutis
762 2242 1101 2281 conclusiunculis
1159 2243 1472 2294 impugnantem.

93 2297 181 2338 Nec
238 2298 326 2337 veri
389 2297 588 2337 dissimile
649 2302 838 2350 putamus
903 2301 1035 2351 ipsum
1098 2299 1333 2348 Platonem,
1394 2313 1474 2353 quo

96 2359 287 2409 tempore
325 2355 429 2394 haec
466 2355 656 2407 scripsit,
702 2356 872 2396 eandem
919 2370 1087 2409 prorsus
1124 2358 1474 2409 comprobavisse.

94 2413 199 2454 Nam
237 2414 279 2453 in
321 2413 476 2464 Gorgia
515 2412 705 2465 quidem,
749 2427 870 2466 quem
908 2415 1056 2454 librum
1094 2418 1250 2454 certum
1291 2420 1357 2455 est
1395 2429 1477 2456 non

94 2471 152 2510 ita
181 2471 310 2510 multo
339 2474 438 2523 post
466 2469 649 2509 Socratis
690 2476 866 2511 mortem
894 2472 1026 2512 literis
1057 2473 1336 2525 consignatum
1365 2487 1474 2523 esse,

95 2540 137 2582 p.
166 2529 265 2569 474.
295 2529 344 2568 A.
377 2541 465 2580 sqq.
503 2527 612 2566 haud
649 2533 888 2568 cunctanter
925 2529 1167 2579 affirmavit,
1210 2544 1473 2583 quaecunque

97 2586 240 2639 pulcra
269 2587 375 2637 sint,
417 2599 466 2626 ea
505 2598 582 2639 pro
620 2586 775 2641 pulcris
805 2587 947 2629 haberi
984 2587 1049 2629 vel
1077 2591 1250 2643 propter
1287 2590 1473 2642 volupta-

102 2696 204 2705 -—-

144 2767 191 2811 ⁶)
239 2770 278 2801 Ρ.
304 2771 382 2800 296.
406 2773 448 2803 Α.
474 2786 519 2798 -
548 2772 592 2803 n.

130 2825 191 2866 ⁰)
237 2828 275 2859 ν.
299 2828 375 2862 296.
405 2830 447 2862 Ε.
473 2846 517 2853 -
544 2831 620 2861 297.
647 2828 692 2863 Ε.
