1670 2964
260 130 345 171 264
769 129 1098 171 PLATONIS

260 258 327 286 mo
356 250 608 299 susceptam,
647 245 815 297 copiose
845 245 1058 298 exposuit.·
1111 245 1621 300 Etenim-poethrumvfu-·

259 315 395 342 rorem
429 303 586 342 censuit
629 314 723 341 eum
770 314 864 340 esse
900 303 1046 342 mentis
1086 306 1257 352 statum,
1289 304 1331 343 in
1359 316 1607 356 quonomnes

258 360 378 399 animi
417 360 643 411 ingeniique
668 359 774 398 vires
809 359 867 398 ita
895 363 1034 399 essent
1063 360 1241 400 intentae
1269 361 1622 413 atqueffsagitatae·

258 421 304 455 ut
342 417 526 455 homines
565 416 759 454 liberiore
798 415 970 467 quodam
1009 419 1053 455 et
1087 417 1281 457 interiore
1319 429 1470 457 emm:
1495 421 1609 457 motu

258 474 382 512 veluti
421 485 542 525 supra
575 475 707 511 semet
733 473 846 523 ipsos
885 473 1154 512 eveherentur
1190 477 1234 512 et
1259 473 1312 514 ad
1335 475 1621 527 ipsarumme-

258 543 347 569 rum
383 529 602 568 divinarum
642 541 804 568 sensum
844 529 1040 580 quendam
1088 529 1382 582 abriperentur.
1432 530 1499 570 Ex
1529 543 1619 582 quo·

258 587 413 626 sactum
451 589 541 634 est,
577 589 623 624 ut
661 585 764 626 hanc
803 587 949 626 mentis
983 586 1179 625 humanae
1211 587 1520 627 concitationem
1558 588 1608 627 ad

255 643 390 696 ipsum
421 643 547 682 -deum
585 646 772 694 tanquam
800 646 1006 685 auctorem
1035 643 1245 692 retulerit,
1282 644 1606 694 adeoque-sum.-

258 713 366 738 mum
405 700 517 751 quasi
552 699 758 751 fastigium
794 711 888 738 esse
925 699 1183 749 iudicaverit,
1224 699 1276 740 ud
1322 700 1632 752 quindenium,

256 757 430 795 humano
459 757 523 795 fas
555 761 668 796 esset
703 756 926 796 escendere
956 760 999 796 et
1029 756 1223 806 evolare‚·
1242 756 1516 797 adeo-utfvel
1542 758 1621 810 ip-r

257 826 342 853 sam
381 814 681 866 philosophiam
718 813 813 852 inde
849 813 1113 865 repetendam
1155 827 1254 853 esse
1285 814 1613 866 sihipersunse-

256 871 325 911 rit.
383 871 521 921 Itaque
538 871 676 922 poesis
694 870 879 920 quoniam
906 871 1099 911 liberiore
1121 871 1194 911 illo
1218 871 1483 923 igeniirnotn
1497 871 1620 911 nisu-·

257 940 335 978 que
375 929 631 976 continetur
670 927 939 995 philosophus
974 940 1063 967 eam
1092 928 1222 967 sensit
1248 928 1398 967 nemini
1422 928 1608 994 pinquam

254 997 382 1037 posse
421 986 678 1036 contingere,
721 984 821 1023 nisi
833 985 944 1024 cuius
981 988 1126 1036 pectus
1155 984 1288 1025 divino
1320 984 1434 1036 quasi
1461 985 1609 1037 spiritu

256 1046 369 1082 esset
406 1042 611 1094 repletum
652 1044 697 1080 et
729 1042 923 1093 agitatum
939 1039 1005 1096 *);
1043 1053 1092 1082 ex
1129 1053 1209 1092 quo
1237 1042 1501 1094 perspicmm
1528 1044 1608 1090 est,

255 1112 329 1140 cur
347 1099 388 1138 in
401 1098 498 1138 Ione
527 1111 688 1151 quoque
718 1102 861 1149 poetas
885 1099 1085 1153 ἑρμηνεῖς
1113 1098 1202 1140 τῶν
1221 1097 1346 1140 {factm
1374 1098 1607 1150 appellave-

253 1156 321 1195 rit.
381 1154 531 1205 Quum
541 1156 663 1207 igitur
698 1155 815 1194 Plato
843 1159 927 1195 tam
961 1155 1188 1194 honorifice
1220 1155 1273 1194 de
1300 1155 1443 1198 fui-ore
1468 1155 1607 1206 poeti-

253 1225 303 1251 co
341 1213 516 1252 senserit
554 1216 597 1253 et
631 1211 886 1261 iudicaverit,
926 1211 1064 1264 ecquis
1103 1215 1169 1252 est
1213 1211 1282 1264 qui
1319 1224 1417 1252 eum
1448 1212 1492 1254 in
1526 1212 1608 1251 hoc

252 1268 358 1308 libro
402 1269 597 1321 exagitari
638 1272 682 1308 et
718 1269 942 1321 perstringi
982 1269 1060 1308 sibi
1101 1268 1376 1320 persuadeat?
1439 1267 1525 1308 Imo
1554 1281 1608 1309 ne

252 1326 500 1365 levissimum
538 1325 700 1376 quidem
738 1326 778 1364 in
818 1338 867 1364 eo
905 1326 1102 1365 irrisionis
1130 1326 1349 1377 vestigium
1378 1328 1532 1375 exstat,
1559 1328 1607 1364 ut

254 1396 351 1423 sane
392 1384 632 1423 dormitasse
670 1382 902 1431 videantur,
931 1383 967 1422 si
997 1383 1066 1435 qui
1093 1382 1212 1422 aliter
1238 1382 1317 1421 hac
1346 1381 1398 1421 de
1426 1395 1475 1422 re
1499 1382 1606 1422 iudi-

253 1444 456 1480 caverunt.
523 1440 625 1479 Nam
664 1439 770 1491 quod
802 1443 951 1491 poetae
986 1453 1077 1479 cum
1115 1439 1331 1491 rhapsodis
1362 1451 1606 1491 ,comparan-

254 1501 322 1536 tur
350 1502 486 1549 atque
501 1498 816 1548 coniunguntur
849 1497 898 1535 fit
924 1496 1028 1544 hoc
1059 1500 1247 1548 quantum
1275 1495 1419 1545 video,
1447 1496 1607 1536 nonnisi

256 1559 504 1606 propterea,
534 1558 606 1603 ut,
637 1558 827 1605 quantum
856 1553 972 1592 furor
1007 1554 1172 1593 illorum
1200 1554 1249 1592 ab
1279 1547 1428 1592 horum
1455 1553 1608 1592 insania

255 1612 403 1661 distet,
442 1612 601 1650 facilius
640 1611 909 1662 intelligatur.
966 1610 1124 1662 Quippe
1165 1610 1311 1649 horum
1348 1610 1469 1655 animi
1494 1621 1606 1648 com-

254 1670 381 1708 motio
410 1682 490 1708 non
530 1670 659 1707 oritur
688 1681 711 1707 e
750 1668 878 1708 libera
901 1667 971 1706 illa
997 1681 1133 1707 rerum
1163 1667 1379 1706 divinarum
1408 1669 1452 1705 et
1479 1666 1606 1706 subii·-

253 1727 423 1769 miorum
464 1726 703 1764 divinatione
742 1728 784 1763 et
809 1725 1178 1791 contemplatione,
1215 1723 1289 1763 sed
1318 1735 1341 1762 a
1365 1723 1501 1775 poetis
1533 1722 1622 1761 ‹le--v

250 1795 345 1823 num
375 1783 577 1832 efficitur,
614 1783 670 1821 ita
706 1786 753 1821 ut
779 1782 857 1821 nisi
883 1781 1101 1832 rhapsodia
1129 1794 1218 1819 cum
1247 1784 1336 1819 arte
1365 1783 1408 1819 et
1436 1780 1606 1819 scientia

252 1841 307 1879 sit
336 1840 546 1892 copulata,
590 1839 682 1884 fere
719 1839 844 1878 inanis
888 1851 982 1877 esse
1018 1838 1201 1877 videatur
1238 1840 1281 1876 et
1319 1837 1454 1888 pretio
1483 1840 1605 1890 atque

252 1897 449 1948 dignitate
491 1909 621 1949 paene
662 1909 769 1935 οιιιιιι
812 1895 1015 1936 destituta.
1079 1894 1263 1946 Denique
1300 1893 1604 1946 haudquaquam

253 1954 353 1993 licet
391 1955 618 1993 existimare
658 1953 867 1992 Platonem
915 1953 1013 1991 artis
1054 1953 1254 1990 rationem
1291 1954 1335 1990 et
1361 1951 1552 1990 iudicium
1579 1963 1604 1990 a

252 2012 371 2063 poesi
410 2012 680 2062 separavisse:
721 2010 827 2061 quod
865 2014 977 2048 certe
1015 2005 1307 2060 perabsurdum
1347 2007 1480 2056 foret3
1521 2008 1619 2047 imo.

251 2068 332 2110 hoc
361 2071 515 2107 tantum
559 2068 686 2106 voluit
720 2067 919 2105 neminem
958 2079 1131 2117 unquam
1158 2065 1250 2104 fore
1279 2068 1444 2116 poetam
1460 2064 1603 2104 idone·-

251 2138 319 2164 um
348 2130 394 2163 et
419 2125 578 2163 nomine
619 2137 691 2164 suo
731 2124 912 2175 dignum
944 2123 1250 2174 cuiuspectus
1258 2134 1339 2163 non
1368 2121 1603 2163 sublimiore

250 2182 323 2220 illo
353 2187 474 2234 atque
511 2182 641 2221 divino
681 2182 827 2232 spiritu
862 2180 1085 2220 incaluerit.
1144 2178 1259 2229 Quod
1288 2179 1411 2229 igitur
1438 2179 1482 2217 in
1507 2178 1602 2217 rba-2

252 2239 392 2290 psodis
427 2239 670 2277 desideravit
699 2243 826 2276 artem
859 2227 980 2289 atque
1009 2237 1239 2284 scientiam,
1269 2235 1390 2274 facile
1417 2237 1602 2302 apparet,

253 2300 447 2346 quatenus
488 2296 588 2334 haec
627 2294 893 2347 reprehensio
934 2295 1054 2332 etiam
1089 2294 1131 2334 in
1168 2295 1312 2343 poetas
1352 2291 1478 2333 cadat
1542 2291 1600 2332 Hi

254 2354 358 2394 enim
387 2354 443 2391 ita
471 2357 625 2394 tantum
652 2353 692 2391 in
721 2352 880 2390 illorum
908 2351 1071 2391 veniunt
1104 2349 1464 2396 communionem,
1472 2347 1508 2387 si
1535 2346 1601 2387 vel

253 2410 397 2460 spiritu
426 2411 587 2461 poetico
616 2409 824 2457 fatiscunt
852 2408 916 2446 ιρι
946 2408 1042 2446 artis
1072 2419 1249 2447 normam
1271 2410 1391 2456 atque
1417 2404 1599 2455 regulam

251 2479 420 2518 prorsus
459 2468 642 2518 ignorant
678 2469 797 2517 atque
833 2465 1051 2516 negligunt.
1123 2462 1277 2512 Quodsi
1305 2463 1429 2527 igitur
1456 2461 1619 2512 aliquis*

198 2530 201 2533 '
251 2528 395 2575 poetas
425 2537 502 2561 una
530 2536 621 2563 cum
649 2521 877 2574 rhapsodis
891 2523 931 2560 in
961 2521 1040 2559 hoc
1069 2520 1174 2559 libro
1194 2519 1274 2558 hoc
1292 2518 1453 2559 nomine
1474 2517 1603 2559 taxari

254 2581 483 2629 existimet
524 2592 600 2632 ego
630 2580 790 2633 quidem
819 2591 899 2621 nou
925 2577 1160 2627 intercedo,
1189 2575 1310 2618 modo
1339 2587 1428 2616 eam
1454 2586 1603 2631 repre·-

323 2761 360 2802 *)
384 2761 516 2794 phaedr
552 2772 583 2802 p.
606 2763 682 2795 245.
709 2763 749 2793 A.
