1670 2964
261 151 347 193 158
587 178 589 180 -
776 151 1106 196 PLATONIS

261 280 309 308 se
337 268 528 321 spectatis
548 267 632 309 sive
660 264 711 308 de
741 279 878 318 earum
908 270 1083 311 aeternis
1101 269 1496 322 immutabilibusque
1524 266 1613 308 for·

261 326 338 366 mis
368 339 596 366 sermonem
623 326 788 392 agitari,
818 327 857 366 in
886 327 1035 379 Hippia
1061 332 1195 368 autem
1222 327 1418 382 disputari
1445 325 1498 366 de
1524 326 1614 378 pul-

262 383 479 432 critudine,
520 394 623 432 quae
660 383 701 423 in
738 383 861 423 rebus
889 385 988 437 ipsis
1020 385 1094 426 sub
1124 397 1268 426 seusus
1310 381 1506 425 subiectis
1543 394 1613 424 ex-

262 449 404 492 pressa
433 441 622 478 ceinitur.

373 496 455 535 Iam
493 495 660 548 singulis
708 497 887 539 excussis
931 497 1065 538 locum
1103 498 1155 539 de
1189 499 1332 551 pulcro
1369 499 1538 551 apparet
1571 496 1613 536 in

258 552 340 592 hoc
369 553 474 592 libro
503 553 561 591 ita
589 555 777 603 tractari,
819 559 865 594 ut
898 554 998 594 licet
1032 555 1133 595 nihil
1169 557 1272 595 certi
1309 556 1406 608 poni
1432 553 1615 604 videatur

257 609 443 661 adeoque
484 610 615 648 omnia
655 611 696 649 in
735 613 1050 651 controversiam
1087 613 1245 661 vocari,
1288 615 1424 652 tamen
1466 610 1520 650 de
1566 623 1615 649 rc

257 667 346 717 ipsu
377 666 472 718 quid
501 667 756 706 statuendum
786 669 862 717 sit,
901 668 1007 708 haud
1045 669 1102 708 ita
1137 670 1310 715 obscure
1351 667 1612 720 significetur.

256 722 359 762 Nam
391 736 469 775 ego
498 724 534 763 si
562 724 657 775 quid
692 725 869 764 iudicare
906 738 1097 777 possum,
1134 726 1214 766 hoc
1244 725 1449 765 subtiliter
1476 727 1613 763 osten—

255 780 317 820 dit
345 780 535 820 Socrates
565 780 819 831 Platonicus,
849 787 938 830 aut,
969 783 1003 822 si
1035 783 1091 822 ita
1120 784 1270 832 mavis,
1310 781 1428 822 Plato
1466 778 1612 820 Socra-

254 837 385 886 ticus,
433 838 605 889 primum
650 838 809 890 quidem
846 839 1124 891 pulcritudinis
1160 841 1365 879 notionem
1400 849 1480 878 non
1520 850 1614 876 esse

252 894 577 934 confundendam
612 906 702 934 cum
738 895 862 935 rebus
891 896 1101 936 individuis
1131 901 1252 948 atque
1279 895 1470 948 singulis,
1511 906 1612 947 quae

253 951 420 1002 pulcrae
448 952 654 1001 dicantur3
692 951 836 991 deinde
874 954 1080 993 notionem
1115 954 1226 993 illam
1243 951 1526 1005 ‘quaerendam
1553 952 1612 990 vi·

252 1008 344 1047 deri
385 1008 427 1048 in
466 1009 615 1047 decore
659 1009 829 1061 quodam
874 1023 1028 1049 rerum*
1056 1014 1179 1062 atque
1224 1009 1504 1049 coniunctione
1546 1008 1612 1047 vel

252 1077 346 1104 cum
374 1066 552 1105 bonitate
581 1065 646 1104 vel
674 1079 765 1105 cum
794 1067 1039 1106 iucunditate
1069 1071 1111 1106 et
1140 1068 1347 1107 suavitate.
1405 1062 1493 1116 Qua
1521 1065 1611 1117 qui-

250 1122 344 1162 dem
374 1122 631 1171 definitione,
668 1123 767 1162 licet
794 1125 1004 1163 uerissime
1034 1125 1306 1164 observaverit
1333 1123 1516 1163 Aristo
1528 1126 1610 1161 te-

250 1179 329 1219 les
361 1179 611 1231 '10p.1,13
640 1174 692 1220 τὸ
723 1175 858 1221 καλὸν
888 1194 981 1221 esse
1010 1182 1350 1233 aequivocum
1379 1180 1464 1219 sive
1494 1171 1608 1231 duai-

246 1248 404 1290 νυμον,
431 1241 566 1275 tamen
594 1248 674 1275 non
702 1240 840 1287 potest
864 1239 1004 1290 negari
1035 1239 1166 1287 omnia
1193 1237 1286 1278 fere
1305 1232 1608 1288 comprehendi,

246 1304 351 1343 quae
390 1306 506 1332 more
542 1293 732 1344 loquendi
767 1293 1018 1334 Graecorum
1062 1284 1256 1334 vocabulo
1299 1294 1370 1333 illo
1407 1292 1608 1345 significa-

242 1350 416 1397 bantur,
451 1351 509 1389 ita
547 1354 593 1388 ut
625 1353 668 1388 ct
695 1351 900 1401 pulcrum,
940 1352 1047 1403 quod
1076 1353 1118 1391 in
1145 1351 1384 1402 corporibus
1413 1349 1608 1397 cernitur,

247 1410 292 1445 et
321 1406 446 1454 illud,
487 1406 595 1458 quod
622 1407 730 1446 inest
757 1409 798 1447 in
825 1409 907 1447 vita
933 1409 1097 1459 publica
1126 1412 1180 1447 et‘
1197 1409 1371 1459 privata,
1411 1410 1454 1461 et
1480 1418 1607 1458 gene-

243 1476 384 1503 rosum
410 1468 531 1516 atque
567 1463 783 1503 honestum
818 1466 859 1504 in
895 1466 1033 1504 animis
1073 1467 1332 1516 conspicuum
1362 1463 1607 1515 complecta-

242 1523 323 1560 tur.
381 1518 437 1560 Et
471 1520 660 1572 profecto
698 1522 815 1573 plane
854 1521 1099 1562 Socraticam
1137 1522 1284 1562 dixeris
1323 1521 1428 1560 hanc
1455 1521 1607 1560 finitio-

242 1589 358 1627 nem,
399 1578 720 1630 quandoquidem
755 1579 873 1618 unice
903 1592 952 1619 eo
981 1581 1182 1631 pertinet,
1220 1582 1267 1618 ut
1301 1578 1363 1617 rei
1401 1577 1514 1617 notio
1543 1577 1606 1616 in-

242 1636 469 1686 vestigetur
500 1637 734 1687 certiusque
773 1638 1054 1676 constituatur.
1110 1636 1288 1688 Longius
1326 1637 1470 1686 postea
1507 1645 1604 1685 pro-

243 1704 411 1744 gressus
441 1696 506 1732 est
533 1693 820 1744 philosophus,
865 1694 1183 1746 quandoquidem
1213 1692 1394 1731 doctrina
1422 1686 1604 1730 idearum

242 1749 403 1788 inventa
430 1754 472 1789 et
499 1749 686 1801 perfecta
722 1751 1034 1801 pulcritudinem
1062 1752 1103 1790 in
1132 1762 1181 1789 eo
1220 1749 1362 1788 statuit
1397 1760 1512 1796 esse,
1557 1750 1604 1786 ut

242 1807 330 1845 veri
359 1811 402 1845 et
424 1808 517 1846 boni
545 1807 662 1846 ideae
689 1807 874 1858 perfecta
903 1808 1070 1859 quadam
1099 1807 1235 1859 specie
1267 1817 1484 1857 expressae
1513 1817 1604 1843 cer-

241 1868 447 1903 nerentnr.
508 1864 589 1902 Sed
619 1864 671 1903 de
707 1864 771 1903 his
803 1866 985 1916 quoniam
1015 1878 1119 1903 nunc
1151 1876 1232 1903 non
1259 1867 1325 1901 est
1355 1861 1512 1901 dicendi
1540 1861 1603 1900 lo-

242 1933 339 1969 cus„
371 1921 551 1960 sufficiet
580 1921 940 1970 demonstravisse,
971 1921 1067 1972 quid
1090 1922 1156 1966 sit,
1187 1919 1294 1972 quod
1320 1919 1361 1958 in
1389 1918 1468 1957 hoc
1496 1917 1601 1957 libro

241 1978 486 2028 exquiratur,
517 1982 559 2017 et
591 1991 687 2029 quas
719 1979 770 2018 ob
800 1991 939 2018 causas
971 1992 1063 2017 eum
1092 1992 1115 2017 a
1141 1978 1311 2016 Platone
1340 1975 1600 2014 adolescente

240 2036 435 2086 scriptum
466 2048 558 2074 esse
587 2037 848 2086 suspicemur.
908 2037 995 2086 Qua
1032 2035 1084 2074 de
1123 2047 1171 2074 re
1208 2035 1243 2073 si
1279 2033 1347 2083 qui
1386 2032 1492 2071 scire
1528 2045 1599 2070 cu-

239 2092 370 2143 piant,
408 2104 526 2142 quam
555 2093 682 2131 multo
713 2093 832 2131 aliter
859 2093 929 2132 alii
959 2093 1196 2140 statuerint,
1239 2103 1310 2129 eos
1340 2089 1452 2128 adire
1482 2089 1598 2128 iube-

238 2161 328 2188 mus
377 2149 921 2189 Schleiermacherum
960 2149 1111 2188 Introd.
1161 2149 1203 2188 in
1248 2147 1370 2198 Hipp.
1411 2145 1509 2185 Mai.
1547 2145 1596 2184 ΙΙ.

238 2204 283 2244 Ρ.
314 2205 354 2244 3.
387 2219 425 2256 p.
454 2206 538 2246 399
567 2219 653 2257 sqq.
685 2219 717 2245 s.
749 2219 786 2257 p.
816 2206 902 2245 405
930 2218 1016 2257 sqq.
1046 2206 1142 2245 edit.
1173 2217 1271 2253 sec.,
1301 2204 1506 2244 Astium
1535 2202 1597 2241 De

238 2261 335 2302 Vita
360 2267 403 2301 et
432 2262 603 2314 Scriptis
634 2263 788 2303 Platon.
819 2276 856 2315 p.
877 2263 964 2302 460
982 2275 1056 2314 sq.,
1088 2262 1374 2310 Soclierum
1403 2260 1465 2299 De
1486 2258 1596 2297 Scri-

236 2319 290 2357 tis
321 2318 499 2358 Platonis
539 2333 578 2371 p.
610 2320 692 2359 211
722 2332 808 2371 sqq.
868 2320 1059 2359 Ceterum
1098 2318 1378 2371 disputatIonis
1413 2316 1454 2356 in
1493 2315 1596 2366 Ilip-

234 2376 301 2426 pia
330 2377 480 2415 maiore
520 2378 694 2429 agitatae
732 2377 943 2429 Diogen.
988 2376 1160 2416 Laiirt.
1191 2375 1263 2424 111,
1293 2375 1360 2413 89.
1398 2373 1595 2412 rationem

234 2432 428 2471 habuisse
455 2433 624 2473 videtur.
678 2433 760 2473 Sed
782 2434 847 2474 his
878 2434 1085 2486 explicatis
1114 2437 1276 2485 tempus
1307 2434 1371 2470 est
1398 2429 1594 2480 reliquam

234 2489 332 2529 libri
360 2493 515 2540 partem
546 2503 760 2542 exponere.

348 2545 490 2596 Itaque
526 2553 734 2598 postrema
771 2547 1005 2587 definitione
1041 2558 1182 2586 rursus
1220 2558 1243 2583 a
1282 2543 1452 2584 Socrate
1481 2543 1593 2582 labe-

234 2602 401 2652 factata,
429 2603 597 2655 Hippias
628 2617 721 2644 sese
749 2605 827 2643 iam
857 2606 1037 2644 sentiens
1068 2604 1199 2641 denuo
1226 2601 1380 2651 laqueis
1411 2600 1592 2639 dialecti-

234 2661 294 2700 cis
324 2661 586 2700 constrictum
616 2661 666 2700 ad
694 2675 806 2701 suam
834 2662 941 2701 redit
969 2661 1193 2700 iactantiam
1224 2662 1265 2696 et
1291 2658 1592 2709 magniloquen-

234 2718 342 2757 tiam.
401 2717 483 2756 Ista
511 2718 695 2768 quidem,
733 2719 886 2769 inquit,
926 2730 1027 2769 quae
1058 2721 1102 2755 tu
1129 2716 1169 2755 in
1200 2715 1375 2753 medium
1405 2714 1591 2761 attulisti,

233 2774 406 2816 hominis
436 2779 530 2816 sunt
556 2776 698 2816 minuti
736 2780 779 2816 et
815 2776 995 2828 angusti:
1035 2776 1129 2815 sunt
1167 2774 1272 2813 enim
1310 2771 1466 2812 nonnisi
1501 2770 1590 2813 fru-
