1670 2964
245 134 304 175 76
757 100 1084 177 PLA'roMS

247 248 415 301 eiusque
450 249 627 289 familiae
665 248 707 288 ln
746 261 818 288 ore
854 249 1020 290 habens.
1078 251 1167 302 Quo
1203 254 1375 303 accepto
1402 249 1594 291 Socrates

245 305 538 358 Hippothalem
569 305 780 354 admonet,
818 319 869 345 ne
904 312 996 347 ante
1031 308 1238 347 victoriam
1277 321 1429 375 paeana
1467 312 1594 348 canat.

246 362 349 403 Nam
392 364 565 414 primum
600 362 761 413 quidem
790 357 998 430 prudentis
1038 377 1130 404 esse
1168 378 1247 404 non
1281 367 1393 417 prius
1431 364 1596 406 laudare

246 421 461 467 amasium,
492 432 610 471 quam
638 420 813 459 vicissim
843 421 892 459 ab
920 421 1012 472 ipso
1043 422 1212 470 ameris;
1241 422 1386 463 deinde
1409 422 1596 461 accidere

247 478 370 516 etiam
401 476 560 523 solere,
599 479 645 514 ut
674 477 806 528 pulcri
837 481 879 518 et
906 479 1085 526 venusti,
1126 479 1160 517 si
1186 478 1369 518 laudibus
1399 479 1596 519 extollan-

245 537 334 581 tur,
365 533 469 571 inani
497 532 687 571 inflentur
716 534 917 585 superbia,
946 534 1120 586 ideoque
1148 535 1275 574 multo
1310 535 1516 575 difficilius
1546 534 1596 575 ad
1628 554 1633 557 s

245 574 524 631 referendam
539 590 710 641 gratiam
739 595 1062 629 commoveantur
1082 588 1139 645 *)
1195 590 1282 632 Nec
1308 604 1406 633 vero
1434 591 1596 645 Hippo-

244 646 404 693 thales
443 650 490 685 ut
526 650 591 686 est
628 647 838 686 modestus
875 659 922 686 ac
956 643 1231 696 verecundus,
1272 647 1375 689 hanc
1411 647 1597 693 Socratis
1643 651 1647 654 “

246 675 559 742 admonitionem
596 708 855 755 aspernatur,
898 704 973 744 sed
1002 718 1094 743 eum
1132 707 1274 756 rogat,
1312 708 1359 744 ut
1395 706 1472 747 sibi
1501 717 1597 744 con-

247 761 340 800 silio
371 760 475 799 adsit
504 773 577 799 suo
608 761 891 813 ostendatque,
922 775 999 814 qua
1027 762 1182 800 ratione
1211 761 1454 813 loquendum
1483 761 1614 813 quid-*

245 829 297 856 ve
333 818 530 869 agendum
578 819 651 866 sit,
693 823 740 857 ut
782 819 922 857 amasii
958 819 1240 859 benevolentia
1281 818 1518 861 concilietur
1556 821 1600 858 et

246 875 483 916 retineatur.
542 874 750 914 Promittit
779 875 971 914 Socrates
1003 876 1044 914 id
1075 876 1112 914 ei
1145 875 1330 926 exemplo
1361 875 1494 929 aliquo
1526 875 1598 914 de-

247 932 424 980 clarare,
472 932 670 982 siquidem
711 933 787 972 sibi
832 933 1114 984 opportunitas
1150 932 1346 972 offeratur
1382 945 1473 972 cum
1506 933 1599 984 ipso

246 988 400 1041 Lyside
430 988 698 1056 colloquendi.
753 988 867 1027 Hanc
895 1002 992 1027 vero
1019 988 1294 1042 Hippothales
1322 989 1379 1028 ait
1406 989 1601 1030 facillime

246 1047 330 1098 ipsi
368 1045 547 1086 oblatum
584 1046 657 1094 iri,
695 1046 764 1085 ubi
803 1059 894 1085 cum
930 1046 1155 1099 Ctesippo,
1179 1043 1355 1112 ’Lysidis
1395 1045 1601 1095 familiari,

247 1105 291 1144 in
335 1103 579 1155 palaestram
621 1103 829 1154 ingressus
879 1116 1088 1143 sermones
1135 1103 1308 1155 miscere
1353 1103 1601 1142 instituerit:

251 1174 348 1200 esse
400 1160 505 1198 enim
544 1159 736 1210 Lysidem
783 1173 1012 1199 sermonum
1059 1159 1347 1200 audiendorum
1385 1154 1600 1211 cupidissi-

249 1231 383 1265 mum,
421 1220 467 1255 ut
503 1217 722 1256 verisimile
759 1218 813 1255 sit
847 1230 939 1256 eum
967 1217 1031 1256 vel
1059 1230 1132 1256 sua
1168 1220 1314 1269 sponte
1343 1217 1422 1270 ipsi
1451 1228 1600 1269 appro-

248 1276 533 1329 pinquaturum
572 1286 679 1313 esse.
736 1272 954 1325 'Ingressus
1002 1274 1126 1325 igitur
1163 1273 1355 1314 Socrates
1398 1286 1476 1314 ιιιιιι
1511 1286 1602 1313 cum

250 1332 579 1371 adolescentibus
610 1330 776 1381 reliquis
807 1331 943 1370 statim
971 1329 1171 1383 conspicit
1189 1342 1360 1382 puerum
1386 1330 1494 1371 inter
1514 1333 1607 1371 tur-.

250 1389 342 1430 bam
385 1387 608 1433 ludentium
646 1390 901 1437 versantem,
945 1387 1059 1426 vultu
1106 1386 1290 1426 formoso
1339 1390 1383 1426 et
1426 1385 1603 1427 honesto

252 1447 467 1498 insignem.
534 1445 639 1484 Dum
668 1444 888 1496 paullulum
923 1447 1128 1483 morantur
1155 1444 1263 1483 inter
1294 1456 1340 1483 fle
1368 1444 1602 1496 colloquen-

252 1507 344 1550 tes,
397 1515 517 1550 ecce,
557 1503 678 1540 etiam
717 1499 966 1541 Menexenus
995 1500 1248 1555 ingreditur,
1288 1501 1379 1552 qui,
1420 1501 1488 1542 ubi
1525 1500 1603 1542 So-

250 1564 408 1603 cratem
438 1559 645 1607 salutavit,
690 1559 880 1597 continuo
918 1571 994 1598 una
1025 1571 1115 1597 cum
1145 1559 1236 1611 ipso
1265 1557 1456 1610 aliisque,
1495 1557 1604 1601 inter

254 1630 357 1670 quos
388 1617 509 1655 etiam
539 1616 758 1668 Ctesippus
797 1619 882 1663 est,
926 1614 1209 1654 confabulandi
1246 1615 1374 1666 gratia
1417 1614 1602 1654 considit.

255 1674 364 1715 'lum
387 1685 483 1712 vero
515 1673 649 1712 evenit
687 1671 793 1725 quod
820 1672 1097 1724 Hippotliales
1135 1671 1317 1713 futurum
1352 1683 1447 1711 esse
1484 1684 1603 1724 prae-

257 1732 436 1772 dixerat.
477 1731 665 1770 continuo
695 1729 744 1768 ad
774 1742 845 1768 eos
874 1729 908 1769 1.
893 1730 992 1781 lysis
1021 1728 1177 1769 accedit
1206 1732 1249 1767 et
1276 1727 1381 1781 apud
1410 1727 1604 1771 Menexe-

255 1802 350 1830 num
389 1787 535 1827 adsidit
568 1785 649 1842 **).
717 1778 821 1826 Sed
845 1787 908 1826 vix
945 1786 1026 1827 hoc
1062 1787 1119 1826 ita
1154 1777 1310 1827 sactum
1347 1788 1433 1835 est„
1483 1798 1606 1840 quum
1635 1834 1644 1843 1

255 1843 508 1887 Menexenus
547 1845 651 1884 sacri
687 1842 860 1883 faciendi
895 1844 1023 1896 gratia
1063 1846 1262 1885 avocatur.
1330 1842 1419 1893 Qua
1452 1854 1605 1895 oppor-

257 1904 434 1945 tunitate
471 1903 598 1941 utitur
636 1900 852 1950 Sam-ates,
887 1904 934 1942 ut
969 1898 1236 1955 Hippothali,
1275 1900 1344 1952 qui
1379 1900 1420 1940 in
1457 1911 1607 1939 corona

258 1960 505 2000 audientium
542 1971 635 1998 sese
674 1958 907 2007 abdiderat,
945 1971 998 1998 ne
1039 1971 1063 1998 a
1096 1955 1246 2008 Lyside
1287 1956 1606 2008 conspiceretur,

261 2017 447 2068 exemplo
487 2017 622 2068 aliquo
656 2015 867 2062 ostendat,
920 2013 1119 2067 quomodo
1159 2014 1279 2056 amati
1315 2013 1504 2064 superbia
1541 2013 1607 2052 vel

260 2073 514 2128 prohibenda
544 2072 608 2112 vel
636 2044 890 2124 reprimenda
919 2074 984 2114 sit.
1043 2071 1270 2112 Conversus
1298 2070 1421 2122 igitur
1438 2065 1496 2108 ad
1524 2069 1607 2121 Ly-

262 2132 419 2180 sidem,
458 2131 652 2171 Parentes
692 2130 773 2178 tui,
813 2130 961 2180 inquit,
1001 2141 1122 2181 quum
1159 2132 1202 2166 te
1231 2131 1363 2170 ament
1391 2127 1607 2183 vehemen-

261 2190 421 2228 tissime
451 2189 693 2239 cupiantque
722 2186 895 2225 r·edde1e
923 2190 965 2225 te
995 2199 1112 2238 quam
1142 2185 1442 2233 beatissimum,
1474 2187 1609 2223 tamen

258 2246 387 2293 illud,
421 2245 526 2296 quod
554 2245 737 2285 homines
768 2244 890 2283 solet
905 2244 1074 2282 maxime
1097 2242 1319 2290 delectare,
1348 2242 1422 2284 tibi
1447 2242 1608 2287 minime

263 2301 515 2350 concedunt,
554 2306 599 2343 ut
635 2301 760 2340 facias
791 2300 896 2352 quod
936 2301 1012 2339 tibi
1039 2300 1120 2352 ipsi
1147 2299 1410 2351 volupe‘est·
1446 2299 1526 2337 imo
1564 2302 1609 2337 te

263 2372 471 2400 servorum
510 2359 647 2399 volunt
690 2370 834 2410 palere
869 2358 1052 2410 imperio.
1119 2355 1206 2396 Nec
1250 2368 1346 2395 vero
1386 2356 1442 2394 ita
1478 2355 1520 2396 in
1565 2359 1610 2394 te

256 2420 387 2469 agunt
425 2419 596 2467 propter
636 2416 779 2453 aetatis
819 2418 914 2453 tuae
951 2414 1244 2462 infirmitatem,
1293 2411 1611 2464 quandoquidem

264 2475 307 2514 in
334 2472 532 2524 legendo,
571 2485 651 2510 scr·
641 2471 810 2519 ',bendo
845 2472 991 2511 fidibus
1024 2469 1254 2522 pulsandis,
1292 2468 1393 2509 illud
1424 2473 1466 2507 te
1496 2471 1612 2521 sequi

264 2531 496 2587 patiuntur,
540 2528 647 2585 quod
674 2529 750 2572 tibi
786 2529 867 2585 ipsi
894 2529 1072 2591 libuerit.
1130 2527 1268 2582 ltaque
1296 2525 1404 2569 nulla
1431 2526 1509 2567 aua
1535 2527 1611 2569 hu·

313 2699 363 2743 ιν)
408 2701 444 2734 ι’.
469 2700 534 2731 20⁸
561 2716 603 2725 -
629 2702 706 2736 206.
732 2703 769 2733 c,

291 2769 353 2812 *η
400 2757 538 2804 inane.
562 2771 600 2803 c.
623 2784 669 2794 -
693 2770 771 2802 ποτ.
796 2771 839 2803 ι).
