1670 2964
491 140 768 185 nirrias
808 129 1039 185 ΜΑιοιιῖ.
1366 140 1458 182 151

83 271 167 313 quo
203 259 326 300 modo
363 259 610 312 significare.
676 258 780 300 Nam
826 262 870 299 et
906 257 1006 298 illud
1046 257 1248 308 ostendit,
1296 269 1375 298 non
1415 258 1456 298 in

82 319 207 359 rebus
243 317 455 358 individuis
500 322 622 370 atque
667 316 837 369 singulis
881 316 1151 369 quaerendam
1191 327 1284 355 esse
1322 315 1456 367 pulcri
1523 316 1531 330 “

82 376 163 415 vim
199 383 244 415 et
279 378 487 424 naturam3
534 380 579 414 et
623 380 814 426 cognatas
857 374 1047 426 quasdam
1085 374 1271 415 notiones
1308 374 1356 412 ab
1402 385 1453 411 eo

85 433 271 472 distinxit
298 445 346 472 ac
375 433 575 481 secrevit,
619 446 721 484 quae
761 432 924 484 quidem
961 432 1010 471 ab
1042 431 1239 484 sophistis
1269 430 1453 470 dialecti-

83 502 159 529 cae
189 489 426 530 numilitatis
448 491 685 543 expertibus
715 502 765 529 eo
796 489 957 528 facilius
979 492 1170 541 poterant
1199 487 1455 528 commisceri

82 551 321 599 temereque
350 547 567 597 confundi,
599 560 678 600 quo
707 547 828 586 latius
859 546 967 598 apud
994 546 1176 586 Graecos
1205 545 1288 587 τοῦ
1317 543 1458 587 καλοῦ

80 605 195 645 notio
226 605 418 657 patebat3
461 609 505 645 et
542 605 687 658 pulcro
724 618 816 644 cum
855 605 1029 653 decoro,
1068 604 1176 643 bono
1206 617 1253 643 ac
1281 603 1454 643 iucundo

79 662 255 714 aliquam
292 663 554 703 intercedere
593 662 936 702 necessitudinem
983 660 1093 700 haud
1131 661 1306 701 obscure
1349 660 1454 700 indi-

80 721 210 770 cavit,
259 733 483 773 quanquam
532 734 582 760 ea
622 721 766 773 quibus
800 720 929 775 ‘rebus
973 719 1253 758 contineretur
1289 719 1455 759 minime

80 778 320 830 explicavit,
349 782 571 831 propterea
602 777 709 831 quod
738 789 818 816 non
846 781 930 816 tam
961 776 1133 815 docendi
1162 789 1280 831 quam
1307 789 1453 830 repre-

79 835 288 876 hendendi
315 835 555 888 ridendique
580 834 794 875 consilium
824 837 1020 886 sequutus
1051 838 1127 873 est.

194 893 278 933 Sed
311 893 416 932 haec
450 893 582 932 omnia
621 904 700 944 quo
730 891 892 931 facilius
923 891 1176 943 intelligatur
1209 903 1327 943 quam
1356 903 1453 931 vera

79 951 187 1000 sint,
227 961 304 1002 age
331 950 460 989 totius
490 950 584 989 libri
617 953 898 1002 argumentum
927 949 1040 990 brevi
1069 949 1325 988 enarratione
1354 961 1451 1000 per-

76 1007 326 1053 lustremus:
357 1020 437 1060 quo
465 1008 557 1060 ipso
586 1006 687 1046 illud
717 1007 837 1046 simul
865 1018 1184 1058 consequemur,
1213 1010 1259 1044 ut
1286 1006 1351 1054 iis,
1383 1005 1452 1057 qui

80 1079 174 1106 eum
197 1065 346 1105 lecturi
375 1065 479 1114 sint,
509 1065 624 1117 quasi
652 1065 765 1103 filum
796 1064 958 1116 aliquod
985 1064 1203 1103 tradidisse
1229 1063 1451 1111 videamur,

79 1124 195 1165 cuius
225 1135 306 1175 ope
335 1122 630 1162 amfractuosas
659 1122 943 1174 disputationis
974 1123 1163 1174 ambages
1190 1122 1318 1160 tutius
1352 1133 1449 1173 per-

78 1184 244 1234 repteut
271 1185 394 1233 atque
422 1180 472 1218 ad
504 1181 655 1219 exitum
682 1180 840 1218 itineris
869 1180 1020 1219 certius
1048 1179 1332 1231 perducantur.

194 1237 368 1291 Hippias
390 1238 516 1290 igitur
543 1242 810 1290 posteaquam
828 1238 869 1276 ἰιι
898 1238 1097 1289 principio
1128 1237 1277 1287 dialogi
1305 1235 1448 1287 sophi·

77 1299 234 1338 starum
262 1296 395 1336 artem
422 1308 496 1335 sua
523 1299 660 1334 aetate
689 1295 862 1334 multum
885 1295 1117 1347 profecisse
1142 1295 1339 1347 gloriatus
1368 1296 1449 1342 est,

79 1353 404 1407 quandoquidem
447 1353 526 1392 iam
572 1356 616 1392 et
659 1353 835 1405 negotiis
883 1352 1056 1404 publicis
1105 1352 1347 1405 fungantur,
1404 1353 1450 1391 et

78 1412 233 1452 scholis
271 1409 468 1451 habendis
502 1409 655 1450 faciant
686 1414 897 1462 quaestum
930 1411 1188 1462 superiorum
1215 1414 1449 1461 temporum

77 1469 329 1522 sapientibus
372 1468 647 1520 incognitum,
693 1468 832 1520 lepide
880 1481 903 1507 a
941 1467 1111 1507 Socrate
1157 1468 1449 1519 interrogatur,

75 1540 172 1568 num
192 1525 500 1569 Lacedaemone
516 1526 652 1575 etiam,
682 1526 751 1565 ubi
777 1526 938 1578 saepius
960 1526 1014 1565 sit
1034 1529 1318 1573 commoratus,
1343 1523 1450 1562 mul·

75 1588 165 1626 tum
192 1585 392 1638 pecuniae
419 1582 661 1622 confecerit.
707 1583 842 1636 Negat
870 1583 1056 1635 sophista
1082 1584 1138 1623 ita
1166 1582 1320 1622 factum
1339 1593 1450 1631 esse,

78 1655 305 1696 quanquam
350 1653 428 1694 per
463 1641 584 1680 huius
624 1642 956 1693 interrogationis
992 1641 1340 1694 opportunitatem
1380 1651 1445 1678 sa-

78 1701 272 1753 pientiam
320 1711 434 1739 suam
478 1699 602 1738 iactat
647 1699 1019 1751 impudentissime:
1069 1699 1290 1751 Spartanos
1338 1697 1446 1736 enim

79 1759 138 1798 ait
165 1770 324 1798 morum
362 1760 406 1797 et
442 1757 721 1797 institutorum
761 1758 1026 1810 pristinorum
1055 1757 1179 1809 longe
1209 1768 1304 1795 esse
1329 1758 1445 1794 tena-

73 1817 290 1866 cissimos,
330 1827 464 1868 neque
499 1814 602 1854 adeo
642 1815 890 1864 concedere,
928 1818 975 1854 ut
1013 1814 1088 1855 filii
1124 1814 1187 1854 sui
1216 1812 1445 1866 peregrinis

79 1874 237 1914 artibus
257 1870 311 1917 'ac
340 1873 566 1926 disciplinis
597 1873 853 1912 erudiantur·
890 1885 968 1926 qua
1004 1872 1046 1911 in
1086 1885 1135 1912 re
1173 1884 1244 1910 eos
1273 1870 1446 1910 multum

79 1945 106 1971 a
139 1936 255 1971 recta
292 1931 451 1971 ratione
489 1930 715 1970 deflectere
751 1930 859 1971 haud
899 1942 1095 1982 quaquam
1131 1929 1271 1982 negari
1308 1926 1446 1980 p‘osse.

78 1989 259 2042 Roganti
285 1994 422 2029 autem
451 1987 637 2038 Socrati,
672 1988 726 2027 de
765 1989 1003 2042 quibusnam
1039 1988 1295 2040 potissimum
1323 1986 1448 2024 rebus

81 2047 271 2099 Spartani
300 2048 434 2098 ipsum
463 2046 668 2086 dicentem
695 2046 858 2087 audiant
884 2046 1192 2095 lubentissime,
1221 2041 1450 2095 respondet

79 2104 151 2144 ille
181 2103 496 2143 declamationes
526 2103 579 2142 de
607 2105 872 2152 astronomia,
901 2104 1147 2155 geometria,
1176 2100 1448 2148 arithmetica,

81 2161 216 2202 literis
245 2174 292 2201 ac
317 2161 482 2214 syllabis
514 2172 732 2214 earumque
760 2174 929 2201 numero
950 2165 993 2200 et
1022 2173 1209 2201 mensura
1236 2160 1288 2199 iis
1317 2159 1448 2198 minus

78 2220 270 2274 probari,
315 2218 391 2258 sed
428 2220 680 2259 narrationes
717 2219 770 2258 de
804 2220 927 2258 rebus
966 2219 1184 2270 antiquitus
1223 2217 1352 2270 gestis
1379 2214 1448 2254 vel

79 2278 300 2325 institutis,
332 2289 430 2329 quas
458 2277 551 2328 ipse
579 2277 771 2317 videlicet
798 2280 973 2328 propter
998 2277 1202 2328 ingentem
1228 2274 1451 2315 memoriae

79 2335 160 2374 vim
190 2335 344 2387 optime
374 2338 526 2383 teneat,
557 2334 725 2386 placere
751 2335 1124 2376 vehementissime.
1172 2331 1451 2374 Veruntamen

79 2405 210 2444 nuper
238 2393 426 2431 evenisse
453 2392 573 2440 dicit,
610 2398 657 2431 ut
686 2393 808 2431 etiam
842 2392 883 2430 in
903 2392 1002 2439 ,alio
1031 2391 1191 2431 dicendi
1217 2402 1372 2443 genere
1398 2389 1450 2428 iis

81 2450 357 2490 satisfecerit:
395 2450 573 2489 habitam
603 2451 709 2489 euim
747 2463 771 2489 a
801 2462 848 2488 se
877 2462 972 2489 esse
1001 2451 1223 2490 orationem
1265 2447 1317 2488 de
1352 2447 1452 2487 arti-

83 2507 160 2547 bus
195 2520 242 2547 ac
282 2507 530 2559 disciplinis,
583 2507 624 2547 in
665 2520 764 2559 quas
802 2508 988 2547 iuvenem
1018 2508 1254 2547 incumbere
1291 2506 1452 2554 deceat,

83 2565 300 2606 verborum
329 2566 485 2617 pariter
522 2567 646 2615 atque
683 2566 975 2607 sententiarum
1009 2565 1283 2618 pulcritudine
1313 2567 1356 2603 et
1381 2575 1452 2602 ve-

84 2625 250 2664 nustate
285 2623 499 2675 insignem.
567 2624 683 2663 Hanc
727 2635 825 2662 vero
862 2623 1081 2675 pollicetur
1114 2637 1195 2664 una
1232 2635 1324 2662 cum
1363 2621 1453 2660 aliis

86 2692 183 2720 sese
209 2681 450 2733 propediem
481 2681 603 2721 etiam
633 2682 806 2723 Athenis
843 2681 885 2721 in
912 2681 1008 2721 ludo
1038 2680 1290 2721 Phidostrati
1318 2679 1453 2718 cuius—

87 2737 179 2778 dam
205 2750 299 2778 esse
326 2738 571 2780 habiturum.
624 2740 779 2791 Quibus
807 2738 954 2779 auditis
985 2739 1194 2788 Socrates,
1221 2738 1453 2790 Peroppor-

90 2799 214 2848 tune,
252 2795 400 2849 inquit,
438 2797 661 2849 pulcrae
699 2797 818 2839 istius
846 2798 1042 2840 orationis
1080 2798 1326 2844 mentionem
1353 2793 1457 2836 feci-
