1670 2964
255 180 340 223 ιω)
741 170 1102 224 ῬιΑΤοΝιε
1164 238 1166 240 q

255 295 396 337 baisse
424 294 655 344 videretur,
697 307 801 348 quae
830 293 1023 349 Hippiam
1051 295 1249 337 deberent
1276 296 1466 338 continuo
1490 279 1618 342 tehe-

255 354 430 401 mentius
468 353 710 391 exacerbare
758 352 932 404 ideoque
980 365 1139 395 omnem
1186 354 1383 394 tollerent
1425 355 1619 412 colloquii

175 417 178 420 ·
246 401 655 449 ‘verisimilitudinem
714 408 829 449 Haec
868 410 972 450 enim
1001 424 1079 453 una
1108 414 1174 452 est
1207 415 1330 464 atque
1358 424 1454 452 vera
1483 425 1619 463 causa,

256 479 330 505 cur
357 466 473 505 Plato
504 465 704 518 putandus
749 470 816 506 est
853 467 933 508 ista
971 469 1129 508 ratione
1163 478 1261 508 usus
1307 481 1423 519 esse,
1461 469 1505 512 in
1542 481 1620 522 qua

256 522 491 577 explicanda
519 523 710 564 miramur
742 536 862 574 sane,
908 524 1015 577 quod
1051 525 1127 566 viri
1164 524 1277 568 docti
1313 525 1415 566 adeo
1453 538 1502 567 ne
1530 530 1619 567 tor·-

255 584 408 618 serunt.

371 636 667 685 Quaerentibus
698 629 831 676 autem
866 638 1006 687 nobis,
1047 636 1143 690 quid
1170 636 1332 677 tandem
1359 638 1509 691 fuerit,
1545 651 1619 680 cur

256 691 526 747 philosophus
556 693 749 747 Hippiam
776 694 920 734 Elemn
958 691 1125 747 praeter
1160 698 1322 734 ceteros
1358 698 1620 741 tumst-,erbe

255 749 560 801 perstrinxerit,
603 751 682 789 etsi
719 752 827 790 nulla
865 753 905 793 in
933 756 1112 792 mentem
1140 752 1251 791 venit
1277 752 1497 804 probabilis
1528 753 1616 794 eius

255 806 317 844 rei
346 805 608 847 illustrandae
636 809 765 857 ratio,
806 813 942 848 tamen
978 809 1118 848 nescio
1159 809 1358 860 quomodo
1394 809 1523 849 visum
1553 813 1618 850 eat

256 862 365 900 clara
395 875 491 904 saue
521 865 703 903 iuvenilis
736 865 942 904 cuiusdam
958 866 1247 918 >protervitatis
1287 869 1331 905 et
1367 866 1618 919 petulantiae

255 920 425 970 vestigia
454 921 495 959 in
523 920 602 959 hoc
631 921 737 961 libro
767 934 960 973 expressa
992 926 1165 965 exstare.
1215 922 1360 975 Neque
1388 924 1495 965 enim
1523 923 1617 976 phi-

253 975 472 1030 losophum
514 981 700 1031 putamus
746 983 880 1019 aetate
918 980 1139 1020 maturiore
1178 983 1299 1031 atque
1343 980 1618 1024 moderatiore

252 1032 307 1071 de
339 1046 537 1085 quoquam
566 1038 647 1073 tam
677 1035 908 1088 petulanter
937 1039 980 1075 et
1008 1037 1156 1076 acerbe
1194 1037 1436 1091 scripsisse,
1472 1049 1526 1080 ne
1563 1036 1617 1077 de

253 1090 453 1141 sophistis
483 1091 667 1143 quidem:
707 1104 875 1143 quorum
893 1089 1122 1145 'perversas
1160 1094 1372 1146 opiniones
1400 1097 1523 1147 atque
1550 1107 1616 1134 ar·-

197 1168 200 1171 ·
252 1147 477 1198 rogantiam
508 1149 587 1187 etsi
613 1149 655 1190 in
684 1148 911 1202 Republica
945 1161 1105 1204 qnoque
1134 1153 1257 1202 atque
1285 1149 1464 1204 Legibus
1493 1151 1615 1192 casti-

253 1204 383 1255 gavit,
423 1208 559 1244 tamen
600 1205 642 1245 id
671 1205 794 1258 longe
831 1207 910 1246 alio
943 1207 1064 1246 modo
1095 1210 1218 1259 atque
1244 1208 1286 1247 in
1311 1207 1392 1247 hoe
1427 1208 1534 1247 libro
1562 1208 1613 1248 ab

255 1272 307 1298 eo
343 1261 572 1302 institutum
608 1275 701 1301 esse
744 1275 862 1304 nemo
903 1264 1040 1317 paullo
1081 1264 1319 1315 prudentior
1355 1263 1612 1306 diffitebitur.

252 1315 396 1368 Itaque
436 1318 501 1356 vel
544 1330 593 1356 ex
631 1319 707 1357 hac
747 1332 794 1359 re
834 1320 1101 1371 probabiliter
1141 1321 1280 1373 colligi
1315 1333 1526 1377 censemus
1563 1321 1615 1361 li-

251 1373 372 1414 brum
399 1373 506 1416 hunc
535 1388 558 1413 a
585 1374 756 1415 Platone
785 1376 1046 1417 adolescente
1075 1378 1272 1429 scriptum
1301 1390 1416 1427 esse,
1446 1390 1497 1417 eo
1526 1379 1614 1430 qui-

250 1429 347 1470 dem
374 1433 576 1486 tempore,
608 1445 686 1484 quo
712 1432 892 1475 Socratis
922 1433 1159 1486 disciplinae
1178 1434 1309 1473 adhuc
1339 1434 1501 1474 deditus
1521 1435 1613 1475 fuit.

366 1487 504 1539 Atque
555 1488 658 1528 hanc
706 1491 978 1531 coniecturam
1025 1494 1205 1533 nostram
1249 1492 1371 1531 etiam
1408 1491 1486 1533 alia
1519 1495 1614 1532 sunt

251 1556 355 1595 quae
391 1557 472 1586 non
508 1546 770 1586 mediocriter
806 1548 1046 1589 confirment
1093 1551 1214 1600 atque
1251 1549 1442 1590 muniant.
1485 1548 1614 1605 ,Nam

249 1601 425 1655 primum
455 1603 616 1655 quidem
644 1604 734 1655 ipsa
762 1603 989 1647 disserendi
1009 1605 1128 1654 ratio,
1157 1617 1260 1657 quae
1287 1618 1364 1661 per
1390 1605 1499 1645 hunc
1522 1618 1612 1645 ser-

248 1670 413 1700 monem
449 1664 616 1711 regnat,
660 1661 782 1715 plane
801 1657 944 1703 ‘habet
977 1662 1278 1713 simplicitatem
1314 1662 1426 1703 illam
1464 1661 1611 1702 Socra—-

247 1715 396 1763 ticam,
425 1727 502 1766 qua
528 1729 666 1757 rerum
693 1719 922 1757 notionibus
951 1719 1138 1757 subtilius
1167 1719 1488 1772 pervestigandis
1518 1733 1612 1772 gra-

248 1771 404 1811 vissimi
434 1785 596 1815 errores
615 1778 733 1814 acute
754 1775 1009 1827 deteguntur.
1057 1774 1214 1816 Deinde
1242 1776 1351 1815 nulla
1378 1776 1473 1817 dum
1501 1777 1613 1815 idea-

246 1840 338 1870 rum
369 1828 599 1879 doctrinae,
629 1831 789 1885 qualem
820 1835 965 1887 postea
993 1833 1190 1887 temporis
1217 1832 1448 1875 informavit
1475 1833 1611 1889 philo-

248 1885 429 1937 sophus,
470 1888 641 1939 vestigia
668 1888 710 1927 in
737 1888 817 1927 hoc
845 1889 950 1928 libro
979 1888 1359 1942 deprehenduntur,
1401 1890 1507 1943 quod
1535 1902 1610 1930 nos

245 1942 410 1994 quidem
439 1956 556 1983 secus
595 1943 778 1987 futurum
812 1945 944 1985 fuisse
984 1950 1195 2001 putamus,
1235 1947 1271 1987 si
1306 1959 1384 2000 quo
1423 1951 1611 1999 tempore

244 1998 349 2040 haec
392 2001 546 2054 scripta
586 2005 681 2042 sunt
715 2002 797 2057 ipsi
834 2002 1083 2056 philosopho
1118 2003 1197 2042 iam
1226 1999 1359 2045 omnia
1384 2003 1440 2043 ita
1470 2004 1610 2060 explo-

244 2059 334 2098 rata
363 2055 560 2107 fuissent,
589 2059 651 2097 uti
677 2063 834 2111 postea.
891 2058 1076 2111 Denique
1106 2072 1155 2102 ex
1184 2055 1257 2109 iss,
1287 2059 1609 2112 quae'Socrates

243 2113 286 2155 in
313 2113 490 2154 medium
518 2114 662 2164 affert,
703 2114 826 2155 facile
855 2128 1050 2169 agnoscas
1082 2130 1296 2170 germanae
1324 2116 1612 2172 philosophiae

244 2168 479 2210 Socraticae
517 2171 730 2211 alumnum.
789 2172 891 2215 Nam
932 2186 1034 2225 quae
1077 2174 1355 2226 disputantur,
1399 2186 1447 2213 ea
1485 2187 1609 2229 quan-

244 2239 362 2277 quam
401 2228 625 2280 negandum
662 2242 743 2269 non
784 2233 850 2271 est
884 2230 1012 2271 veluti
1048 2231 1215 2271 stamina
1254 2230 1446 2282 quaedam
1479 2232 1608 2271 conti-

240 2294 342 2321 nere
372 2284 459 2324 eius
489 2287 738 2335 sententiae,
769 2299 887 2339 quam
914 2286 1032 2334 Plato
1061 2288 1103 2326 in
1132 2287 1221 2326 aliis
1251 2289 1416 2344 scriptis
1439 2288 1608 2339 copiose

241 2339 479 2388 illustravit,
521 2345 655 2382 tamen
696 2356 719 2381 e
755 2344 886 2385 media
920 2344 1001 2382 vita
1039 2343 1223 2385 desumta
1262 2349 1375 2394 sunt,
1411 2347 1458 2383 ut
1485 2345 1608 2396 plane

239 2396 284 2435 in
326 2397 556 2447 vulgaribus
596 2399 648 2441 de
686 2400 829 2451 pulcro
868 2401 1123 2453 opinionibus
1163 2400 1429 2441 examinandis
1477 2402 1607 2441 conti-

240 2456 433 2502 neantur,
463 2466 595 2506 neque
624 2469 647 2495 a
677 2457 883 2497 Socratica
911 2458 1070 2498 ratione
1099 2458 1270 2499 multum
1296 2456 1500 2497 recedant.

353 2510 485 2559 Quiun
525 2524 623 2551 vero
665 2514 936 2566 philosophus
973 2515 1015 2554 in
1054 2515 1135 2554 hoc
1183 2515 1288 2554 libro
1329 2525 1409 2554 non
1443 2518 1528 2553 tam
1563 2515 1607 2554 id

239 2566 396 2617 egerit,
438 2570 484 2609 ut
521 2581 636 2608 suam
675 2571 804 2622 ipsius
835 2571 886 2611 de
928 2571 1060 2625 pulcri
1089 2575 1230 2613 natura
1262 2572 1505 2615 sententiam
1533 2584 1606 2623 pa-

238 2622 465 2672 tefaceret,
516 2637 633 2676 quam
680 2631 725 2668 ut
762 2629 947 2669 inertiam
987 2631 1029 2668 et
1066 2628 1296 2671 fatuitatem
1337 2629 1423 2668 eius
1463 2629 1606 2681 sophi-

239 2682 354 2728 stae,
397 2681 464 2732 qui
503 2681 545 2722 in
584 2684 691 2721 omni
720 2684 800 2723 vita
828 2685 1139 2737 pulcritudinem
1180 2689 1222 2724 et
1252 2685 1492 2737 elegantiam
1521 2698 1605 2725 ma-

241 2737 348 2777 xime
377 2749 477 2788 prae
506 2750 554 2777 se
582 2737 772 2789 serebat,
804 2742 1026 2792 exagitaret
1052 2746 1174 2797 atque
1203 2741 1516 2791 demonstraret,
1543 2745 1604 2781 ta-

177 2807 179 2809 ·
239 2805 356 2842 men,
387 2797 433 2836 ut
464 2796 538 2847 pa‘r
568 2799 676 2845 erat,
715 2809 795 2838 uon
828 2798 1006 2851 neglexit
1034 2805 1187 2840 rectam
1218 2800 1278 2839 rei
1307 2799 1503 2840 rationem
1532 2799 1629 2857 ali·-
