1670 2964
635 159 920 199 LYSIS.
1403 158 1461 199 89

90 275 283 326 Socrates
313 276 370 316 ita
398 275 595 328 loquens,
624 278 672 314 ut
701 288 748 314 se
781 275 830 313 ad
862 287 1024 322 eorum,
1063 285 1155 314 cum
1185 272 1330 324 quibus
1362 273 1461 324 agit,

55 367 61 371 .
88 335 249 387 ingenia
276 332 398 386 Plane
427 333 733 381 accommodet,
767 340 810 371 et
843 333 1021 384 quamvis
1052 330 1150 370 alias
1182 343 1231 369 ex
1268 330 1357 375 aliis
1388 343 1462 368 ne-

89 398 204 431 ctens
240 390 616 437 conclusiunculas,
660 395 795 429 tamen
836 390 1031 441 singulari
1071 402 1162 428 cum
1199 388 1329 427 ironia
1367 400 1462 427 sese

87 449 188 489 nihil
218 447 384 501 simulet
413 450 543 497 scire,
585 448 660 487 sed
699 462 789 488 cum
819 449 900 488 illis
931 447 1200 486 communiter
1228 458 1369 484 verum
1398 446 1460 484 in-

89 506 262 561 dagare:
304 510 501 559 nusquam
532 506 580 545 ad
610 506 755 552 altiora
785 519 830 544 ac
874 505 1110 547 sublimiora
1150 505 1348 556 assurgit,
1391 506 1462 542 aut

88 563 249 617 dicendi
275 566 516 605 varietatem
548 569 590 602 et
619 564 799 615 vigorem
833 576 924 602 cum
966 563 1260 602 sententiarum
1297 561 1464 600 audacia

89 626 134 662 et
162 621 391 675 granditate
421 621 609 675 copulat,
649 621 723 660 sed
752 621 952 662 amicitiae
982 622 1060 659 vim
1094 621 1151 659 ita
1181 620 1378 672 exquirit,
1416 620 1464 660 ut

87 681 194 726 vitae
224 681 449 721 communis
479 681 618 732 potius
646 680 826 719 rationes
858 692 975 731 quam
1017 678 1242 717 subtilioris
1278 676 1463 729 philoso-

89 738 212 791 phiae
242 738 393 789 placita
422 739 538 790 sequi
565 737 762 786 videatur,
793 736 834 775 id
854 749 979 788 agens
1000 736 1141 784 unice,
1172 739 1230 783 ut,
1251 734 1346 774 dum
1363 735 1464 773 alio-

88 809 180 837 rum
211 809 373 838 errores
404 800 618 848 exaggerat
651 799 772 846 atque
803 797 948 846 urget,
988 794 1141 844 passim
1186 794 1300 844 quasi
1339 805 1464 844 quae—

90 854 183 899 dam
220 855 307 894 veri
348 854 503 893 semina
541 857 719 905 spaxgat.
778 852 910 902 Quum
948 863 1047 889 vero
1090 851 1194 890 ratio
1235 849 1465 890 disserendi

91 912 254 951 omnino
285 911 495 950 Socratica
524 911 600 957 sit,
631 915 717 948 1:121
747 909 837 961 ipsa
866 909 1039 961 placita,
1067 920 1169 960 quae
1193 907 1464 956 illustrantur,
1527 952 1529 955 Α

88 973 247 1009 tantum
275 969 428 1008 habent
457 981 550 1006 cum
579 966 760 1005 Socratis
779 966 843 1005 .de
883 966 1058 1006 amicitia
1097 966 1320 1014 sententia,
1361 978 1466 1018 quae

21 1061 32 1072 ,
90 1026 198 1079 apud
224 1025 544 1079 Xenophontem
575 1025 814 1078 exponitur,
856 1023 1160 1063 similitudinem
1201 1026 1244 1064 et
1281 1023 1464 1065 necessi-

89 1084 298 1134 tudinem,
333 1087 382 1134 ut
410 1096 542 1136 paene
570 1084 684 1122 inviti
712 1083 752 1121 in
783 1095 873 1121 eam
901 1081 1174 1133 suspicionem
1205 1080 1466 1130 deducamur,

89 1143 278 1190 iuvenem
305 1142 519 1182 Platonem
549 1155 571 1180 a
601 1141 785 1192 magistri
817 1139 1028 1191 disciplina
1057 1138 1293 1194 profectum
1322 1139 1363 1179 iu
1384 1138 1466 1178 hoc

93 1212 284 1253 sermone
312 1200 450 1240 locum
479 1199 532 1239 de
562 1199 737 1239 amicitia
767 1198 1007 1238 adumbrare
1038 1197 1317 1236 constituisse.
1377 1197 1467 1247 Qua

93 1258 145 1297 de
172 1271 221 1297 re
251 1271 355 1311 quae
386 1271 511 1310 supra
539 1258 788 1306 notavimus,
832 1269 881 1294 ea
917 1267 997 1294 non
1037 1259 1104 1294 est
1141 1267 1214 1294 cur
1252 1255 1333 1294 hoc
1372 1255 1466 1294 loco

93 1316 227 1367 denuo
258 1328 646 1356 commemoremus:
680 1314 761 1353 hoc
790 1327 914 1355 unum
946 1313 1083 1366 placet
1113 1312 1315 1361 adiicere,
1346 1326 1398 1352 ne
1427 1313 1469 1352 in

92 1374 176 1413 fine
205 1373 370 1426 quidem
401 1373 603 1412 amicitiae
641 1371 926 1412 constituendo
962 1371 1112 1411 nullam
1156 1383 1250 1410 esse
1289 1371 1470 1410 habitam

93 1433 296 1477 rationem
325 1432 555 1473 sententiae
585 1429 834 1470 Socraticae.
892 1428 1046 1482 Negari
1077 1429 1181 1468 enim
1212 1441 1295 1469 non
1328 1430 1472 1481 potest

95 1489 309 1531 Socratem
340 1486 559 1528 amicitiam
587 1488 777 1527 utilitatis
819 1488 948 1539 gratia
989 1486 1201 1526 colendam
1244 1487 1469 1526 censuisse.

93 1546 198 1589 Nam
226 1547 266 1598 in
294 1547 344 1587 iis
377 1546 563 1598 quidem,
594 1559 697 1598 quae
727 1545 832 1598 apud
861 1544 1091 1597 Xenoph.
1123 1544 1250 1584 Mem.
1283 1544 1329 1583 11.
1360 1544 1403 1594 4,
1429 1542 1470 1583 5.

95 1605 300 1658 disputat,
331 1617 502 1654 omnem,
522 1603 632 1643 illius
663 1604 827 1642 laudem
858 1616 908 1641 eo
939 1603 1024 1641 vult
1049 1602 1211 1650 redire,
1242 1602 1350 1654 quod
1371 1603 1471 1642 ami-

95 1676 236 1715 corum
268 1675 348 1716 ope
379 1666 422 1702 et
451 1661 624 1703 consilio
654 1661 824 1701 multum
857 1661 1114 1709 adiuvemur,
1146 1660 1331 1713 pericula
1347 1663 1473 1713 atque

95 1721 239 1772 damna
266 1719 429 1769 facilius
458 1719 772 1773 propulsemus,
813 1719 987 1772 denique
1026 1718 1240 1758 commoda
1279 1723 1322 1758 et
1359 1718 1472 1758 utili-

93 1782 203 1819 tates
233 1778 517 1832 adipiscamur.
576 1778 639 1817 Ab
670 1777 747 1816 hac
783 1790 880 1817 vero
927 1777 1132 1816 sententia
1173 1777 1296 1817 etiam
1332 1776 1473 1816 Plato-

95 1850 189 1877 nem
218 1836 390 1876 vidimus
407 1834 450 1891 *)
483 1835 715 1888 disputandi
752 1836 912 1875 initium
950 1834 1128 1884 fecisse,
1170 1847 1397 1886 quanquam
1436 1835 1474 1876 is

95 1895 330 1947 neutiquam
359 1895 400 1933 in
442 1907 490 1933 ea
528 1894 738 1942 substitit,
776 1893 850 1933 sed
883 1893 979 1932 hinc
1009 1892 1238 1945 profectus*
1272 1905 1474 1932 summum

97 1953 276 2005 aliquem
303 1952 427 2002 finem
455 1951 682 2004 indagavit,
714 1952 781 2003 qui
811 1953 853 1990 in
875 1951 973 2003 =ipsa
992 1950 1167 1991 hominis
1188 1955 1331 1990 natura
1348 1954 1473 2003 atque

97 2011 229 2056 animo
261 2011 552 2050 contineretur.
612 2009 748 2060 Atque
779 2010 880 2048 haec
913 2022 1035 2060 quum
1065 2010 1121 2047 ita
1160 2010 1264 2057 sint,
1311 2008 1473 2048 etiamsi

97 2068 356 2119 diffitendum
387 2080 468 2107 non
505 2071 571 2106 est
599 2068 773 2119 reperiri
803 2068 843 2106 iu
873 2066 952 2104 hoc
982 2079 1174 2105 sermone
1203 2066 1330 2109 veluti
1357 2067 1473 2106 initia

99 2125 294 2179 quaedam
324 2130 449 2176 atque
478 2125 649 2163 stamina
682 2137 823 2165 eorum
855 2124 1119 2176 placitorun.·,
1153 2137 1257 2176 quae
1286 2124 1328 2163 in
1356 2123 1477 2177 Sym-

98 2185 218 2237 posio
249 2188 293 2225 et
321 2182 511 2226 Phaedro
541 2182 818 2231 illustrantur,
859 2189 994 2223 tamen
1028 2183 1070 2221 in
1100 2183 1190 2221 istis
1220 2181 1337 2221 libris
1366 2181 1478 2223 idem

99 2245 380 2295 argumentum
411 2240 540 2280 multo
572 2244 614 2279 et
645 2240 834 2279 subtilius
866 2244 908 2279 et
939 2241 1146 2291 copiosius
1187 2244 1477 2292 pertractatur.

98 2299 142 2339 In
173 2299 238 2338 liis
271 2299 379 2338 enim
410 2297 640 2337 ostenditur
670 2311 861 2350 suprema
892 2311 1012 2336 causa
1044 2302 1086 2336 et
1116 2298 1233 2350 origo
1271 2298 1382 2338 illius
1411 2299 1476 2351 ip-

100 2358 184 2398 sius
216 2356 433 2407 desiderii,
466 2368 571 2412 quo,
603 2355 842 2408 philosophi
872 2355 1047 2402 indicio,
1080 2355 1128 2394 ad
1159 2356 1374 2395 amicitiam
1405 2368 1477 2396 co-

100 2414 261 2454 lendam
291 2414 550 2464 adducimur,
583 2413 906 2465 quandoquidem
937 2425 1050 2452 amor
1067 2413 1251 2457 refertur
1272 2413 1323 2452 ad
1340 2427 1480 2454 rerum

96 2473 322 2512 ‘divmarum
357 2471 768 2523 contemplationem,
809 2484 886 2522 qua
915 2471 1036 2511 animi
1068 2472 1196 2510 nostri
1227 2472 1268 2511 in
1297 2473 1379 2511 vita
1409 2486 1478 2512 su-

101 2531 268 2583 periore
299 2530 425 2582 gavisi
456 2530 550 2576 sint,
580 2529 758 2581 ideoque
789 2542 880 2570 cum
910 2534 1102 2570 aeternae
1129 2530 1311 2569 veritatis
1338 2531 1478 2583 cogni-

101 2589 215 2628 tione
243 2588 473 2628 arctissime
505 2587 732 2638 copulatnr.
794 2587 969 2630 Tantum
1001 2588 1124 2639 igitur
1142 2588 1285 2635 abest,
1316 2591 1364 2627 ut
1383 2588 1477 2627 illo-

105 2659 192 2685 rum
222 2645 418 2686 librorum
449 2652 733 2698 argumentum
765 2645 803 2686 in
833 2644 985 2697 Lyside
1027 2638 1256 2685 accuratius
1296 2645 1479 2686 illustre-

195 2828 230 2868 ²⁸)
279 2829 317 2860 Ρ.
343 2830 419 2861 218.
447 2832 482 2861 C.
511 2840 584 2869 sqq.
