1670 2964
179 135 185 140 ·’
260 127 320 170 78
775 127 1105 174 PLATONIS

258 242 514 296 profitentur.
577 242 640 285 Ex
690 254 770 296 quo
810 249 981 297 apparet
1027 247 1150 290 etiam
1193 261 1265 299 ea,
1318 258 1422 302 quae
1462 235 1609 292 'mutuo

256 313 396 340 amore
423 302 539 341 nobis
567 313 646 340 non
675 304 770 341 sunt
797 303 1031 353 coniuncta,
1060 314 1156 345 cara
1185 306 1302 347 nobis
1331 310 1453 358 atque
1481 307 1608 347 amica

259 354 413 413 (φίλα)
445 370 538 397 esse
573 370 711 409 posse.
766 358 903 410 Atque
941 360 1037 401 hinc
1076 358 1281 412 efficitur,
1317 366 1364 402 ut
1398 362 1465 403 vel
1505 360 1607 404 illud

257 415 427 454 amicum
459 419 579 466 queat
609 427 726 463 esse,
765 412 872 468 quod
899 421 1097 458 amantem
1131 418 1225 460 odio
1254 423 1524 472 persequatur
1547 417 1606 475 *).

256 470 490 512 Assentitur
519 471 782 512 Menexenus.
840 472 922 512 Sed
962 474 1027 514 vix
1061 481 1238 516 mentem
1275 478 1443 516 mutavit
1477 489 1605 527 suam,

254 542 379 580 quum
414 528 605 568 Socrates
659 542 747 568 eam
790 531 1031 571 sententiam
1069 530 1200 572 denuo
1237 532 1280 586 in
1315 532 1606 574 dubitationem

254 589 383 624 vocat.
441 585 521 624 Hic
553 584 681 626 enim:
720 587 919 637 „Ex‘iis,
954 600 1057 640 quae
1085 588 1290 642 disputata
1317 595 1433 640 sunt,
1460 592 1606 643 inquit,

252 641 333 681 hoc
362 644 554 695 consequi
592 643 771 694 videtur,
812 649 858 684 ut
896 657 976 684 non
1008 649 1091 688 tam
1118 651 1275 686 amatus
1314 659 1432 699 quam
1465 659 1604 687 amans

253 710 330 751 pro
367 700 496 739 amico
532 699 738 740 habendus
778 703 854 742 sit:
905 701 1125 754 eademque
1173 705 1279 744 ratio
1316 704 1396 743 erit
1424 703 1605 752 inlmici;

251 767 332 795 non
358 757 465 795 enim
492 757 571 796 iam
599 771 691 797 eum
718 759 920 799 inimicum
956 761 1208 811 putabimus,
1250 761 1319 813 qui
1356 759 1450 800 odio
1475 759 1604 800 habe·

250 815 342 861 tur,
379 813 452 852 sed
479 827 601 854 unum
629 815 766 864 illum,
805 817 872 867 qui
899 816 1070 856 alterum
1100 817 1195 857 odio
1225 829 1300 857 suo
1328 817 1601 870 persequitur.

247 868 361 921 Ergo
399 871 515 910 multi
552 876 685 911 amant
712 873 895 912 inimicos
935 886 983 912 ac
1018 875 1195 915 vicissim
1234 874 1407 914 oderunt
1434 874 1602 923 amicos,

253 926 572 980 quandoquidem
602 929 679 968 soli
707 934 884 969 amantes
922 931 1039 970 amici
1076 935 1193 980 sunt‘,
1228 943 1360 983 neque
1399 931 1520 970 etiam
1557 931 1602 980 ii,

253 984 322 1036 qui
350 988 544 1024 amantur.
602 986 728 1035 Quam
764 988 1005 1026 sententiam
1040 989 1180 1040 negari
1214 1000 1294 1027 non
1328 989 1468 1039 potest
1506 997 1601 1026 ense

251 1041 555 1093 perabsurdam,
581 1047 627 1081 ut
647 1042 904 1083 diffitendum
931 1056 1011 1083 non
1029 1045 1083 1084 sit
1102 1043 1153 1084 ad
1179 1045 1392 1084 amicitiam
1410 1057 1600 1083 necessa-

248 1098 311 1137 rio
349 1099 502 1150 requiri
536 1098 751 1139 voluntatis
790 1101 1017 1152 amorisque
1054 1103 1294 1141 societatem
1341 1104 1600 1152 mutuamque

248 1155 614 1194 coniunctionem.“
651 1156 727 1196 His
746 1157 891 1197 auditis
913 1157 1163 1198 Menexenus
1180 1170 1321 1199 rursus
1339 1157 1460 1197 aliter
1477 1161 1600 1211 atque

245 1215 366 1251 >antea
404 1213 660 1254 statuendum
701 1226 795 1253 esse
833 1213 1027 1266 largitur,
1064 1219 1186 1268 atque
1224 1215 1303 1255 sibi
1343 1227 1503 1267 quoque
1541 1215 1599 1254 ait

245 1268 462 1308 voluntatis
495 1271 723 1322 amorisque
762 1272 1090 1311 communitatem
1129 1272 1258 1311 videri
1294 1271 1346 1311 ad
1382 1271 1612 1314 amicitiam!

246 1325 367 1377 plane
398 1327 681 1365 necessariam.
740 1326 823 1366 Sed
860 1340 883 1368 a
913 1327 1081 1367 Socrate
1110 1327 1454 1368 commonefactus
1482 1328 1598 1378 illud,

246 1382 354 1434 quod
382 1387 501 1422 antea
529 1382 854 1434 disputaverant,
894 1397 1019 1436 saepe
1056 1385 1242 1425 accidere
1278 1384 1439 1433 solere,
1475 1388 1522 1424 ut
1549 1397 1598 1424 ea

244 1451 406 1491 quoque
441 1439 669 1479 hominibus
705 1453 798 1480 cara
835 1436 916 1480 sint
957 1445 1000 1481 et
1035 1442 1182 1490 amica,
1232 1442 1469 1493 quibuscum
1505 1441 1598 1482 fieri

244 1508 326 1537 non
355 1497 487 1548 possit
525 1500 570 1536 ut
595 1501 735 1537 mutua
773 1499 1035 1550 coniungatur
1061 1498 1362 1547 benevolentia,
1397 1499 1476 1538 iam
1505 1501 1599 1540 tan-v

242 1553 338 1593 dem
367 1553 522 1606 fatetur
562 1566 651 1594 rem
688 1555 861 1595 nondum
900 1555 950 1595 ad
986 1555 1180 1609 liquidum
1218 1568 1312 1595 esse
1342 1553 1594 1606 perductam,

245 1624 367 1662 quum
395 1611 625 1661 neutiquam
656 1615 872 1662 appareat,
911 1624 1022 1651 amor
1058 1613 1100 1652 in
1140 1612 1231 1652 unis
1259 1611 1503 1662 amantibus,
1544 1625 1595 1652 an

243 1668 286 1708 in
315 1668 472 1715 amatis,
500 1681 549 1707 an
579 1668 751 1719 denique
772 1669 813 1709 in
839 1669 1024 1719 utrisque
1044 1669 1163 1708 simul
1181 1670 1318 1708 inesse
1345 1668 1494 1708 debeat
1512 1666 1593 1722 **).

358 1724 590 1776 captiosam
629 1725 731 1764 hanc
769 1727 1152 1777 argumentationem
1188 1726 1312 1765 facile
1339 1729 1509 1778 apparet
1544 1738 1594 1765 ex

245 1794 297 1821 eo
336 1783 590 1833 potissimum
626 1782 786 1822 ductam
825 1795 939 1832 esse,
990 1783 1100 1834 quod
1142 1784 1334 1822 amicus
1383 1797 1417 1822 s.
1460 1782 1594 1839 φίλος

244 1839 460 1891 multiplici
499 1839 644 1878 dicitur
678 1840 717 1878 vi
755 1843 799 1879 et
836 1844 1054 1892 potestate.
1120 1840 1212 1880 Alia
1250 1842 1358 1880 enim
1398 1840 1457 1879 vis
1496 1839 1591 1879 sub-

244 1896 352 1936 iecta
392 1896 487 1934 huic
524 1896 718 1935 vocabulo
759 1900 847 1945 est,
893 1909 1014 1947 quum
1056 1896 1258 1948 loquimur
1297 1897 1350 1938 de
1386 1896 1591 1936 hominum

245 1954 440 1992 amicitia:
482 1953 579 2001 alia,
616 1953 685 1992 ubi
714 1966 848 1992 sermo
878 1959 943 1993 est
974 1954 1025 1993 de
1051 1956 1174 1994 rebus
1204 1967 1326 1994 sensu
1357 1957 1401 1992 et
1433 1953 1592 1992 ratione

245 2010 464 2049 destitutis.
529 2010 615 2048 Has
654 2011 759 2049 enim
799 2012 1023 2062 expetimus
1061 2016 1233 2063 propter
1267 2011 1484 2050 utilitatem
1506 2010 1592 2048 'aut

242 2067 493 2119 voluptatem
530 2067 624 2120 inde
658 2067 971 2117 redundantem,
1022 2081 1098 2107 nec
1135 2072 1414 2120 exspectamus
1453 2067 1501 2106 ab
1538 2067 1589 2106 iis

242 2128 421 2164 mutuam
450 2125 669 2163 caritatem.
726 2124 821 2163 Illos
852 2129 985 2164 autem
1015 2138 1189 2165 amamus
1217 2126 1297 2174 ita,
1334 2128 1402 2172 ut,
1432 2124 1590 2163 etiamsi

241 2182 429 2220 utilitatis
460 2182 527 2220 vel
554 2181 772 2232 voluptatis
804 2185 845 2220 et
873 2181 1128 2221 iucunditatis
1158 2183 1354 2221 rationem
1385 2179 1588 2228 ducamus,

242 2242 377 2277 tamen
405 2242 583 2277 mutuam
609 2238 928 2277 benevolentiam
961 2239 1095 2278 locum
1135 2239 1287 2282 habere
1314 2237 1503 2286 velimus,
1542 2240 1589 2276 ιιι

242 2295 284 2335 in
314 2307 391 2345 qua
418 2308 495 2333 una
524 2296 722 2335 amicitiae
748 2296 807 2334 vis
838 2299 880 2334 et
910 2300 1051 2335 natura
1079 2297 1246 2335 maxime
1270 2298 1334 2334 est
1361 2295 1586 2346 conspicua.

242 2351 307 2392 Ad
334 2352 414 2390 hoc
443 2352 621 2399 accedit,
659 2352 766 2402 quod
796 2351 932 2408 φίλων
967 2357 1011 2391 et
1044 2354 1175 2391 active
1209 2356 1252 2393 et
1279 2353 1438 2404 passive
1465 2352 1587 2402 signi-

242 2410 359 2458 ficat,
388 2412 435 2447 ut
465 2413 508 2447 et
533 2410 703 2448 amicum
736 2409 924 2458 denotet,
958 2413 1001 2448 et
1027 2409 1128 2449 illud
1155 2422 1314 2460 quoque
1342 2408 1587 2460 complecta-

242 2471 333 2515 tur,
374 2465 481 2516 quod
522 2467 637 2505 nobis
678 2479 815 2505 carum
855 2471 920 2504 est
957 2467 1142 2517 votisque
1179 2467 1328 2506 nostris
1370 2465 1585 2516 expetitur.

240 2523 362 2574 Quod
398 2526 531 2561 autem
569 2523 759 2562 Socrates
800 2522 1062 2575 multiplicem
1098 2523 1205 2563 hunc
1250 2522 1433 2561 vocabuli
1469 2535 1586 2561 usum

240 2581 291 2620 ad
320 2579 634 2631 disputationem
662 2580 714 2621 de
743 2579 916 2621 amicitia
952 2579 1144 2630 traduxit,
1172 2579 1286 2623 rfecit
1322 2578 1401 2621 hoc
1441 2579 1585 2632 procul

287 2704 329 2746 ⁴)
377 2706 413 2736 P.
437 2706 515 2735 212.
540 2706 581 2735 A.
605 2719 648 2728 -·
673 2706 714 2735 E.

264 2762 327 2803 Μ’)
376 2764 411 2794 P.
435 2763 513 2793 218.
538 2763 578 2793 A.
606 2778 650 2785 -
678 2762 720 2792 D.
